@ARTICLE{Huang21,
       author = {{Huang}, Zixin and {Lupo}, Cosmo},
        title = "{Quantum Hypothesis Testing for Exoplanet Detection}",
      journal = {\prl},
     keywords = {Quantum Physics},
         year = 2021,
        month = sep,
       volume = {127},
       number = {13},
          eid = {130502},
        pages = {130502},
          doi = {10.1103/PhysRevLett.127.130502},
archivePrefix = {arXiv},
       eprint = {2106.00488},
 primaryClass = {quant-ph},
       adsurl = {https://ui.adsabs.harvard.edu/abs/2021PhRvL.127m0502H},
      adsnote = {Provided by the SAO/NASA Astrophysics Data System}
}

@ARTICLE{Stark24,
       author = {{Stark}, Christopher C. and {Mennesson}, Bertrand and {Bryson}, Steve and {Ford}, Eric B. and {Robinson}, Tyler D. and {Belikov}, Ruslan and {Bolcar}, Matthew R. and {Feinberg}, Lee D. and {Guyon}, Olivier and {Latouf}, Natasha and et al.},
        title = "{Paths to Robust Exoplanet Science Yield Margin for the Habitable Worlds Observatory}",
      journal = {arXiv e-prints},
     keywords = {Astrophysics - Earth and Planetary Astrophysics, Astrophysics - Instrumentation and Methods for Astrophysics},
         year = 2024,
        month = may,
          eid = {arXiv:2405.19418},
        pages = {arXiv:2405.19418},
          doi = {10.48550/arXiv.2405.19418},
archivePrefix = {arXiv},
       eprint = {2405.19418},
 primaryClass = {astro-ph.EP},
       adsurl = {https://ui.adsabs.harvard.edu/abs/2024arXiv240519418S},
      adsnote = {Provided by the SAO/NASA Astrophysics Data System}
}


@ARTICLE{Stark14,
       author = {{Stark}, Christopher C. and {Roberge}, Aki and {Mandell}, Avi and {Robinson}, Tyler D.},
        title = "{Maximizing the ExoEarth Candidate Yield from a Future Direct Imaging Mission}",
      journal = {\apj},
     keywords = {methods: numerical, planetary systems, telescopes, Astrophysics - Solar and Stellar Astrophysics, Astrophysics - Earth and Planetary Astrophysics},
         year = 2014,
        month = nov,
       volume = {795},
       number = {2},
          eid = {122},
        pages = {122},
          doi = {10.1088/0004-637X/795/2/122},
archivePrefix = {arXiv},
       eprint = {1409.5128},
 primaryClass = {astro-ph.SR},
       adsurl = {https://ui.adsabs.harvard.edu/abs/2014ApJ...795..122S},
      adsnote = {Provided by the SAO/NASA Astrophysics Data System}
}

@ARTICLE{Carlomagno20,
       author = {{Carlomagno}, Brunella and {Delacroix}, Christian and {Absil}, Olivier and {Cantalloube}, Faustine and {Orban de Xivry}, Gilles and {Pathak}, Prashant and {Agocs}, Tibor and {Bertram}, Thomas and {Brandl}, Bernhard and {Burtscher}, Leonard and et al.},
        title = "{METIS high-contrast imaging: design and expected performance}",
      journal = {Journal of Astronomical Telescopes, Instruments, and Systems},
         year = 2020,
        month = jul,
       volume = {6},
          eid = {035005},
        pages = {035005},
          doi = {10.1117/1.JATIS.6.3.035005},
       adsurl = {https://ui.adsabs.harvard.edu/abs/2020JATIS...6c5005C},
      adsnote = {Provided by the SAO/NASA Astrophysics Data System}
}


@INPROCEEDINGS{Kenworthy16,
   author = {{Kenworthy}, M.~A. and {Absil}, O. and {Ag{\'o}cs}, T. and
{Pantin}, E. and 
    {Quanz}, S. and {Stuik}, R. and {Snik}, F. and {Brandl}, B.},
    title = "{High-contrast imaging with METIS}",
booktitle = {Society of Photo-Optical Instrumentation Engineers (SPIE)
Conference Series},
     year = 2016,
   series = {\procspie},
   volume = 9908,
    month = aug,
      eid = {9908A6},
    pages = {9908A6},
      doi = {10.1117/12.2233655},
   adsurl = {http://adsabs.harvard.edu/abs/2016SPIE.9908E..A6K},
  adsnote = {Provided by the SAO/NASA Astrophysics Data System}
}


@ARTICLE{Brandl21,
       author = {{Brandl}, B. and {Bettonvil}, F. and {van Boekel}, R. and {Glauser}, A. and {Quanz}, S. and {Absil}, O. and {Amorim}, A. and {Feldt}, M. and {Glasse}, A. and {G{\"u}del}, M. and et al.},
        title = "{METIS: The Mid-infrared ELT Imager and Spectrograph}",
      journal = {The Messenger},
     keywords = {Astrophysics - Instrumentation and Methods for Astrophysics},
         year = 2021,
        month = mar,
       volume = {182},
        pages = {22-26},
          doi = {10.18727/0722-6691/5218},
archivePrefix = {arXiv},
       eprint = {2103.11208},
 primaryClass = {astro-ph.IM},
       adsurl = {https://ui.adsabs.harvard.edu/abs/2021Msngr.182...22B},
      adsnote = {Provided by the SAO/NASA Astrophysics Data System}
}

@INPROCEEDINGS{Fitzgerald22,
       author = {{Fitzgerald}, Michael P. and {Sallum}, Steph and {Millar-Blanchaer}, Maxwell A. and {Jensen-Clem}, Rebecca and {Hinz}, Philip M. and {Guyon}, Olivier and {Wang}, Jason and {Mazin}, Benjamin A. and {Skemer}, Andrew and {Chun}, Mark and et al.},
        title = "{The Planetary Systems Imager for TMT: overview and status}",
    booktitle = {Ground-based and Airborne Instrumentation for Astronomy IX},
         year = 2022,
       editor = {{Evans}, Christopher J. and {Bryant}, Julia J. and {Motohara}, Kentaro},
       series = {Society of Photo-Optical Instrumentation Engineers (SPIE) Conference Series},
       volume = {12184},
        month = aug,
          eid = {1218426},
        pages = {1218426},
          doi = {10.1117/12.2630410},
       adsurl = {https://ui.adsabs.harvard.edu/abs/2022SPIE12184E..26F},
      adsnote = {Provided by the SAO/NASA Astrophysics Data System}
}



@INPROCEEDINGS{Jensen-Clem22,
       author = {{Jensen-Clem}, Rebecca and {Hinz}, Philip M. and {van Kooten}, M.~A.~M. and {Fitzgerald}, Michael P. and {Sallum}, Steph and {Mazin}, Benjamin A. and {Chun}, Mark and {Millar-Blanchaer}, Maxwell A. and {Skemer}, Andy and {Wang}, Ji and et al.},
        title = "{An updated preliminary optical design and performance analysis of the Planetary Systems Imager adaptive optics system}",
    booktitle = {Adaptive Optics Systems VIII},
         year = 2022,
       editor = {{Schreiber}, Laura and {Schmidt}, Dirk and {Vernet}, Elise},
       series = {Society of Photo-Optical Instrumentation Engineers (SPIE) Conference Series},
       volume = {12185},
        month = aug,
          eid = {1218546},
        pages = {1218546},
          doi = {10.1117/12.2630526},
       adsurl = {https://ui.adsabs.harvard.edu/abs/2022SPIE12185E..46J},
      adsnote = {Provided by the SAO/NASA Astrophysics Data System}
}



@INPROCEEDINGS{Males22,
       author = {{Males}, Jared R. and {Close}, Laird M. and {Haffert}, Sebastiaan Y. and {Guyon}, Olivier and {Gasho}, Victor and {Coronado}, Fernando and {Durney}, Oliver and {Hedglen}, Alexander and {Kautz}, Maggie and {Noenickx}, Jamison and et al.},
        title = "{The conceptual design of GMagAO-X: visible wavelength high contrast imaging with GMT}",
     keywords = {Astrophysics - Instrumentation and Methods for Astrophysics, Astrophysics - Earth and Planetary Astrophysics},
    booktitle = {Adaptive Optics Systems VIII},
         year = 2022,
       editor = {{Schreiber}, Laura and {Schmidt}, Dirk and {Vernet}, Elise},
       series = {Society of Photo-Optical Instrumentation Engineers (SPIE) Conference Series},
       volume = {12185},
        month = aug,
          eid = {121854J},
        pages = {121854J},
          doi = {10.1117/12.2630619},
archivePrefix = {arXiv},
       eprint = {2208.07312},
 primaryClass = {astro-ph.IM},
       adsurl = {https://ui.adsabs.harvard.edu/abs/2022SPIE12185E..4JM},
      adsnote = {Provided by the SAO/NASA Astrophysics Data System}
}


@ARTICLE{Kasper21,
       author = {{Kasper}, M. and {Cerpa Urra}, N. and {Pathak}, P. and {Bonse}, M. and {Nousiainen}, J. and {Engler}, B. and {Heritier}, C.~T. and {Kammerer}, J. and {Leveratto}, S. and {Rajani}, C. and et al.},
        title = "{PCS {\textemdash} A Roadmap for Exoearth Imaging with the ELT}",
      journal = {The Messenger},
     keywords = {Astrophysics - Instrumentation and Methods for Astrophysics},
         year = 2021,
        month = mar,
       volume = {182},
        pages = {38-43},
          doi = {10.18727/0722-6691/5221},
archivePrefix = {arXiv},
       eprint = {2103.11196},
 primaryClass = {astro-ph.IM},
       adsurl = {https://ui.adsabs.harvard.edu/abs/2021Msngr.182...38K},
      adsnote = {Provided by the SAO/NASA Astrophysics Data System}
}



@ARTICLE{Lu18,
       author = {{Lu}, Xiao-Ming and {Krovi}, Hari and {Nair}, Ranjith and {Guha}, Saikat and {Shapiro}, Jeffrey H.},
        title = "{Quantum-optimal detection of one-versus-two incoherent optical sources with arbitrary separation}",
      journal = {npj Quantum Information},
     keywords = {Quantum Physics, Physics - Optics},
         year = 2018,
        month = dec,
       volume = {4},
          eid = {64},
        pages = {64},
          doi = {10.1038/s41534-018-0114-y},
archivePrefix = {arXiv},
       eprint = {1802.02300},
 primaryClass = {quant-ph},
       adsurl = {https://ui.adsabs.harvard.edu/abs/2018npjQI...4...64L},
      adsnote = {Provided by the SAO/NASA Astrophysics Data System}
}


@ARTICLE{Sousa-Silva19,
       author = {{Sousa-Silva}, Clara and {Petkowski}, Janusz J. and {Seager}, Sara},
        title = "{Molecular simulations for the spectroscopic detection of atmospheric gases}",
      journal = {Physical Chemistry Chemical Physics (Incorporating Faraday Transactions)},
     keywords = {Physics - Chemical Physics, Astrophysics - Earth and Planetary Astrophysics, Astrophysics - Instrumentation and Methods for Astrophysics, Physics - Atmospheric and Oceanic Physics},
         year = 2019,
        month = sep,
       volume = {21},
       number = {35},
        pages = {18970-18987},
          doi = {10.1039/C8CP07057A},
archivePrefix = {arXiv},
       eprint = {1911.04238},
 primaryClass = {physics.chem-ph},
       adsurl = {https://ui.adsabs.harvard.edu/abs/2019PCCP...2118970S},
      adsnote = {Provided by the SAO/NASA Astrophysics Data System}
}

@Article{ Guyon05-1,
	author = "O. {Guyon}",
	title = "{Limits of Adaptive Optics for High-Contrast Imaging}",
	journal = "\apj",
	eprint = "arXiv:astro-ph/0505086",
	year = 2005,
	month = aug,
	volume = 629,
	pages = "592--614",
	doi = "10.1086/431209",
	adsurl = "http://adsabs.harvard.edu/abs/2005ApJ...629..592G",
	adsnote = "Provided by the Smithsonian/NASA Astrophysics Data System"
}

@INPROCEEDINGS{Sauvage12,
       author = {{Sauvage}, Jean-Fran{\c{c}}ois and {Fusco}, Thierry and {Petit}, Cyril and {Mugnier}, Laurent and {Paul}, Baptiste and {Costille}, Anne},
        title = "{Focal-plane wave front sensing strategies for high contrast imaging: experimental validations on SPHERE}",
    booktitle = {Adaptive Optics Systems III},
         year = 2012,
       editor = {{Ellerbroek}, Brent L. and {Marchetti}, Enrico and {V{\'e}ran}, Jean-Pierre},
       series = {Society of Photo-Optical Instrumentation Engineers (SPIE) Conference Series},
       volume = {8447},
        month = jul,
          eid = {844715},
        pages = {844715},
          doi = {10.1117/12.925610},
       adsurl = {https://ui.adsabs.harvard.edu/abs/2012SPIE.8447E..15S},
      adsnote = {Provided by the SAO/NASA Astrophysics Data System}
}


@INPROCEEDINGS{Ruane23,
       author = {{Ruane}, G. and {Wallace}, J.~K. and {Riggs}, A.~J.~E. and {Wenger}, T. and {Bagheri}, M. and {Jewell}, J. and {Raouf}, N. and {Allan}, G. and {Mejia Prada}, C. and {Noyes}, M. and et al.},
        title = "{Dual purpose lyot coronagraph masks for simultaneous high-contrast imaging and high-resolution wavefront sensing}",
    booktitle = {Society of Photo-Optical Instrumentation Engineers (SPIE) Conference Series},
         year = 2023,
       series = {Society of Photo-Optical Instrumentation Engineers (SPIE) Conference Series},
       volume = {12680},
        month = oct,
          eid = {1268018},
        pages = {1268018},
          doi = {10.1117/12.2676853},
       adsurl = {https://ui.adsabs.harvard.edu/abs/2023SPIE12680E..18R},
      adsnote = {Provided by the SAO/NASA Astrophysics Data System}
}


@ARTICLE{Fienup13,
       author = {{Fienup}, James R.},
        title = "{Phase retrieval algorithms: a personal tour [Invited]}",
      journal = {\ao},
         year = 2013,
        month = jan,
       volume = {52},
       number = {1},
        pages = {45},
          doi = {10.1364/AO.52.000045},
       adsurl = {https://ui.adsabs.harvard.edu/abs/2013ApOpt..52...45F},
      adsnote = {Provided by the SAO/NASA Astrophysics Data System}
}


@article{Gerchberg72,
  author = {R.~W. {Gerchberg} and W.~O. {Saxton}},
  journal = {Optik},
  number = {2},
  pages = {237-\&},
  title = "{Practical algorithm for determination oh phase from image and diffraction plane pictures}",
  volume = {35},
  year = 1972
}



@ARTICLE{Landman24,
       author = {{Landman}, R. and {Haffert}, S.~Y. and {Males}, J.~R. and {Close}, L.~M. and {Foster}, W.~B. and {Van Gorkom}, K. and {Guyon}, O. and {Hedglen}, A. and {Kautz}, M. and {Kueny}, J.~K. and et al.},
        title = "{Making the unmodulated Pyramid wavefront sensor smart. Closed-loop demonstration of neural network wavefront reconstruction with MagAO-X}",
      journal = {\aap},
     keywords = {instrumentation: adaptive optics, instrumentation: high angular resolution, Astrophysics - Instrumentation and Methods for Astrophysics, Astrophysics - Earth and Planetary Astrophysics, Electrical Engineering and Systems Science - Image and Video Processing},
         year = 2024,
        month = apr,
       volume = {684},
          eid = {A114},
        pages = {A114},
          doi = {10.1051/0004-6361/202348898},
archivePrefix = {arXiv},
       eprint = {2401.16325},
 primaryClass = {astro-ph.IM},
       adsurl = {https://ui.adsabs.harvard.edu/abs/2024A&A...684A.114L},
      adsnote = {Provided by the SAO/NASA Astrophysics Data System}
}




@ARTICLE{McLeod14,
       author = {{McLeod}, Robert R. and {Wagner}, Kelvin H.},
        title = "{Vector Fourier optics of anisotropic materials}",
      journal = {Advances in Optics and Photonics},
         year = 2014,
        month = dec,
       volume = {6},
       number = {4},
        pages = {368},
          doi = {10.1364/AOP.6.000368},
       adsurl = {https://ui.adsabs.harvard.edu/abs/2014AdOP....6..368M},
      adsnote = {Provided by the SAO/NASA Astrophysics Data System}
}


@INPROCEEDINGS{Gonsalves14,
       author = {{Gonsalves}, Robert A.},
        title = "{Perspectives on phase rertrieval and phase diversity in astronomy}",
    booktitle = {Adaptive Optics Systems IV},
         year = 2014,
       editor = {{Marchetti}, Enrico and {Close}, Laird M. and {Vran}, Jean-Pierre},
       series = {Society of Photo-Optical Instrumentation Engineers (SPIE) Conference Series},
       volume = {9148},
        month = jul,
          eid = {91482P},
        pages = {91482P},
          doi = {10.1117/12.2054586},
       adsurl = {https://ui.adsabs.harvard.edu/abs/2014SPIE.9148E..2PG},
      adsnote = {Provided by the SAO/NASA Astrophysics Data System}
}
@INPROCEEDINGS{Gonsalves02,
       author = {{Gonsalves}, Robert A.},
        title = "{Adaptive Optics by Sequential Diversity Imaging}",
    booktitle = {European Southern Observatory Conference and Workshop Proceedings},
         year = 2002,
       editor = {{Vernet}, E. and {Ragazzoni}, R. and {Esposito}, S. and {Hubin}, N.},
       series = {European Southern Observatory Conference and Workshop Proceedings},
       volume = {58},
        month = jan,
        pages = {121},
       adsurl = {https://ui.adsabs.harvard.edu/abs/2002ESOC...58..121G},
      adsnote = {Provided by the SAO/NASA Astrophysics Data System}
}



@INPROCEEDINGS{Sauvage16,
       author = {{Sauvage}, Jean-Fran{\c{c}}ois and {Fusco}, Thierry and {Lamb}, Masen and {Girard}, Julien and {Brinkmann}, Martin and {Guesalaga}, Andres and {Wizinowich}, Peter and {O'Neal}, Jared and {N'Diaye}, Mamadou and {Vigan}, Arthur and et al.},
        title = "{Tackling down the low wind effect on SPHERE instrument}",
    booktitle = {Adaptive Optics Systems V},
         year = 2016,
       editor = {{Marchetti}, Enrico and {Close}, Laird M. and {V{\'e}ran}, Jean-Pierre},
       series = {Society of Photo-Optical Instrumentation Engineers (SPIE) Conference Series},
       volume = {9909},
        month = jul,
          eid = {990916},
        pages = {990916},
          doi = {10.1117/12.2232459},
       adsurl = {https://ui.adsabs.harvard.edu/abs/2016SPIE.9909E..16S},
      adsnote = {Provided by the SAO/NASA Astrophysics Data System}
}



@INPROCEEDINGS{Belikov22,
       author = {{Belikov}, Ruslan and {Sirbu}, Dan and {Marx}, David and {Mejia Prada}, Camilo and {Bendek}, Eduardo and {Pluzhnik}, Eugene and {Bryson}, Stephen and {Kern}, Brian and {Guyon}, Olivier and {Fogarty}, Kevin and et al.},
        title = "{Laboratory demonstration of high contrast with the PIAACMC coronagraph on an obstructed and segmented aperture}",
    booktitle = {Space Telescopes and Instrumentation 2022: Optical, Infrared, and Millimeter Wave},
         year = 2022,
       editor = {{Coyle}, Laura E. and {Matsuura}, Shuji and {Perrin}, Marshall D.},
       series = {Society of Photo-Optical Instrumentation Engineers (SPIE) Conference Series},
       volume = {12180},
        month = aug,
          eid = {1218025},
        pages = {1218025},
          doi = {10.1117/12.2630474},
       adsurl = {https://ui.adsabs.harvard.edu/abs/2022SPIE12180E..25B},
      adsnote = {Provided by the SAO/NASA Astrophysics Data System}
}


@ARTICLE{Haffert23a,
       author = {{Haffert}, Sebastiaan Y. and {Males}, Jared R. and {Guyon}, Olivier},
        title = "{Integrated coronagraphy and wavefront sensing with the PIAACMC}",
      journal = {arXiv e-prints},
     keywords = {Astrophysics - Instrumentation and Methods for Astrophysics},
         year = 2023,
        month = oct,
          eid = {arXiv:2310.10892},
        pages = {arXiv:2310.10892},
          doi = {10.48550/arXiv.2310.10892},
archivePrefix = {arXiv},
       eprint = {2310.10892},
 primaryClass = {astro-ph.IM},
       adsurl = {https://ui.adsabs.harvard.edu/abs/2023arXiv231010892H},
      adsnote = {Provided by the SAO/NASA Astrophysics Data System}
}


@INPROCEEDINGS{Marx21,
       author = {{Marx}, David and {Belikov}, Ruslan and {Sirbu}, Dan and {Kern}, Brian and {Prada}, Camilo and {Bendek}, Eduardo and {Wilson}, Daniel},
        title = "{Results from the laboratory demonstration of a PIAACMC coronagraph with a segmented aperture}",
    booktitle = {Techniques and Instrumentation for Detection of Exoplanets X},
         year = 2021,
       editor = {{Shaklan}, Stuart B. and {Ruane}, Garreth J.},
       series = {Society of Photo-Optical Instrumentation Engineers (SPIE) Conference Series},
       volume = {11823},
        month = sep,
          eid = {118230O},
        pages = {118230O},
          doi = {10.1117/12.2595066},
       adsurl = {https://ui.adsabs.harvard.edu/abs/2021SPIE11823E..0OM},
      adsnote = {Provided by the SAO/NASA Astrophysics Data System}
}


@ARTICLE{Guyon14,
       author = {{Guyon}, Olivier and {Hinz}, Philip M. and {Cady}, Eric and {Belikov}, Ruslan and {Martinache}, Frantz},
        title = "{High Performance Lyot and PIAA Coronagraphy for Arbitrarily Shaped Telescope Apertures}",
      journal = {\apj},
     keywords = {planets and satellites: detection, techniques: high angular resolution, telescopes, Astrophysics - Instrumentation and Methods for Astrophysics},
         year = 2014,
        month = jan,
       volume = {780},
       number = {2},
          eid = {171},
        pages = {171},
          doi = {10.1088/0004-637X/780/2/171},
archivePrefix = {arXiv},
       eprint = {1305.6686},
 primaryClass = {astro-ph.IM},
       adsurl = {https://ui.adsabs.harvard.edu/abs/2014ApJ...780..171G},
      adsnote = {Provided by the SAO/NASA Astrophysics Data System}
}



@Article{ Guyon05,
	author = "O. {Guyon} and E.~A. {Pluzhnik} and R. {Galicher} and F. {Martinache} and S.~T. {Ridgway} and R.~A. {Woodruff}",
	title = "{Exoplanet Imaging with a Phase-induced Amplitude Apodization Coronagraph. I. Principle}",
	journal = "\apj",
	eprint = "arXiv:astro-ph/0412179",
	year = 2005,
	month = mar,
	volume = 622,
	pages = "744--758",
	doi = "10.1086/427771",
	adsurl = "http://adsabs.harvard.edu/abs/2005ApJ...622..744G",
	adsnote = "Provided by the SAO/NASA Astrophysics Data System"
}

@Article{ Guyon03,
	author = "O. {Guyon}",
	title = "{Phase-induced amplitude apodization of telescope pupils for extrasolar terrestrial planet imaging}",
	journal = "{\aa}p",
	year = 2003,
	month = jun,
	volume = 404,
	pages = "379--387",
	doi = "10.1051/0004-6361:20030457",
	adsurl = "http://adsabs.harvard.edu/cgi-bin/nph-bib_query?bibcode=2003A%26A...404..379G\&db_key=AST",
	adsnote = "Provided by the Smithsonian/NASA Astrophysics Data System"
}

@Book{		  numpy,
  title		= {A guide to NumPy},
  author	= {Oliphant, Travis E},
  series		= {},
  volume	= {1},
  year		= {2006},
  publisher	= {Trelgol Publishing USA}
}

@ARTICLE{Guyon18,
       author = {{Guyon}, Olivier},
        title = "{Extreme Adaptive Optics}",
      journal = {\araa},
         year = 2018,
        month = sep,
       volume = {56},
        pages = {315-355},
          doi = {10.1146/annurev-astro-081817-052000},
       adsurl = {https://ui.adsabs.harvard.edu/abs/2018ARA&A..56..315G},
      adsnote = {Provided by the SAO/NASA Astrophysics Data System}
}


@ARTICLE{Haffert23,
       author = {{Haffert}, Sebastiaan Y. and {Males}, Jared R. and {Guyon}, Olivier},
        title = "{Reaching the fundamental sensitivity limit of wavefront sensing on arbitrary apertures with the Phase Induced Amplitude Apodized Zernike Wavefront Sensor (PIAA-ZWFS)}",
      journal = {arXiv e-prints},
     keywords = {Astrophysics - Instrumentation and Methods for Astrophysics, Physics - Optics},
         year = 2023,
        month = oct,
          eid = {arXiv:2310.10889},
        pages = {arXiv:2310.10889},
          doi = {10.48550/arXiv.2310.10889},
archivePrefix = {arXiv},
       eprint = {2310.10889},
 primaryClass = {astro-ph.IM},
       adsurl = {https://ui.adsabs.harvard.edu/abs/2023arXiv231010889H},
      adsnote = {Provided by the SAO/NASA Astrophysics Data System}
}

@INPROCEEDINGS{Baudoz06,
       author = {{Baudoz}, P. and {Boccaletti}, A. and {Baudrand}, J. and {Rouan}, D.},
        title = "{The Self-Coherent Camera: a new tool for planet detection}",
    booktitle = {IAU Colloq. 200: Direct Imaging of Exoplanets: Science \& Techniques},
         year = 2006,
       editor = {{Aime}, C. and {Vakili}, F.},
        month = jan,
        pages = {553-558},
          doi = {10.1017/S174392130600994X},
       adsurl = {https://ui.adsabs.harvard.edu/abs/2006dies.conf..553B},
      adsnote = {Provided by the SAO/NASA Astrophysics Data System}
}

@ARTICLE{Galicher10,
       author = {{Galicher}, R. and {Baudoz}, P. and {Rousset}, G. and {Totems}, J. and {Mas}, M.},
        title = "{Self-coherent camera as a focal plane wavefront sensor: simulations}",
      journal = {\aap},
     keywords = {instrumentation: high angular resolution, instrumentation: interferometers, instrumentation: adaptive optics, techniques: image processing, techniques: high angular resolution, Astrophysics - Instrumentation and Methods for Astrophysics, Astrophysics - Earth and Planetary Astrophysics},
         year = 2010,
        month = jan,
       volume = {509},
          eid = {A31},
        pages = {A31},
          doi = {10.1051/0004-6361/200912902},
archivePrefix = {arXiv},
       eprint = {0911.2465},
 primaryClass = {astro-ph.IM},
       adsurl = {https://ui.adsabs.harvard.edu/abs/2010A&A...509A..31G},
      adsnote = {Provided by the SAO/NASA Astrophysics Data System}
}
@ARTICLE{Singh14,
       author = {{Singh}, Garima and {Martinache}, Frantz and {Baudoz}, Pierre and {Guyon}, Olivier and {Matsuo}, Taro and {Jovanovic}, Nemanja and {Clergeon}, Christophe},
        title = "{Lyot-based Low Order Wavefront Sensor for Phase-mask Coronagraphs: Principle, Simulations and Laboratory Experiments}",
      journal = {\pasp},
     keywords = {Astrophysics - Instrumentation and Methods for Astrophysics},
         year = 2014,
        month = jun,
       volume = {126},
       number = {940},
        pages = {586},
          doi = {10.1086/677048},
archivePrefix = {arXiv},
       eprint = {1404.7201},
 primaryClass = {astro-ph.IM},
       adsurl = {https://ui.adsabs.harvard.edu/abs/2014PASP..126..586S},
      adsnote = {Provided by the SAO/NASA Astrophysics Data System}
}


@ARTICLE{Guyon09,
       author = {{Guyon}, Olivier and {Matsuo}, Taro and {Angel}, Roger},
        title = "{Coronagraphic Low-Order Wave-Front Sensor: Principle and Application to a Phase-Induced Amplitude Coronagraph}",
      journal = {\apj},
     keywords = {instrumentation: adaptive optics, techniques: high angular resolution, Astrophysics - Instrumentation and Methods for Astrophysics},
         year = 2009,
        month = mar,
       volume = {693},
       number = {1},
        pages = {75-84},
          doi = {10.1088/0004-637X/693/1/75},
archivePrefix = {arXiv},
       eprint = {0911.1301},
 primaryClass = {astro-ph.IM},
       adsurl = {https://ui.adsabs.harvard.edu/abs/2009ApJ...693...75G},
      adsnote = {Provided by the SAO/NASA Astrophysics Data System}
}


@ARTICLE{Guyon10a,
       author = {{Guyon}, Olivier and {Martinache}, Frantz and {Belikov}, Ruslan and {Soummer}, Remi},
        title = "{High Performance PIAA Coronagraphy with Complex Amplitude Focal Plane Masks}",
      journal = {\apjs},
     keywords = {instrumentation: adaptive optics, techniques: high angular resolution},
         year = 2010,
        month = oct,
       volume = {190},
       number = {2},
        pages = {220-232},
          doi = {10.1088/0067-0049/190/2/220},
       adsurl = {https://ui.adsabs.harvard.edu/abs/2010ApJS..190..220G},
      adsnote = {Provided by the SAO/NASA Astrophysics Data System}
}

@ARTICLE{Singh15,
       author = {{Singh}, Garima and {Lozi}, Julien and {Guyon}, Olivier and {Baudoz}, Pierre and {Jovanovic}, Nemanja and {Martinache}, Frantz and {Kudo}, Tomoyuki and {Serabyn}, Eugene and {Kuhn}, Jonas},
        title = "{On-Sky Demonstration of Low-Order Wavefront Sensing and Control with Focal Plane Phase Mask Coronagraphs}",
      journal = {\pasp},
     keywords = {Astrophysics - Instrumentation and Methods for Astrophysics},
         year = 2015,
        month = sep,
       volume = {127},
       number = {955},
        pages = {857},
          doi = {10.1086/682726},
archivePrefix = {arXiv},
       eprint = {1506.06298},
 primaryClass = {astro-ph.IM},
       adsurl = {https://ui.adsabs.harvard.edu/abs/2015PASP..127..857S},
      adsnote = {Provided by the SAO/NASA Astrophysics Data System}
}


@ARTICLE{Stahl10,
       author = {{Stahl}, H. Philip},
        title = "{Survey of cost models for space telescopes}",
      journal = {Optical Engineering},
     keywords = {astronomical telescopes, costing, mirrors, 95.55.-n, 89.65.Gh, Astronomical and space-research instrumentation, Economics, econophysics financial markets business and management},
         year = 2010,
        month = may,
       volume = {49},
       number = {5},
          eid = {053005-053005-8},
        pages = {053005-053005-8},
          doi = {10.1117/1.3430603},
       adsurl = {https://ui.adsabs.harvard.edu/abs/2010OptEn..49e3005S},
      adsnote = {Provided by the SAO/NASA Astrophysics Data System}
}


@ARTICLE{Chanan98,
       author = {{Chanan}, Gary and {Troy}, Mitchell and {Dekens}, Frank and {Michaels}, Scott and {Nelson}, Jerry and {Mast}, Terry and {Kirkman}, David},
        title = "{Phasing the Mirror Segments of the Keck Telescopes: The Broadband Phasing Algorithm}",
      journal = {\ao},
         year = 1998,
        month = jan,
       volume = {37},
       number = {1},
        pages = {140-155},
          doi = {10.1364/AO.37.000140},
       adsurl = {https://ui.adsabs.harvard.edu/abs/1998ApOpt..37..140C},
      adsnote = {Provided by the SAO/NASA Astrophysics Data System}
}



@ARTICLE{Berger01,
   author = {{Berger}, J.~P. and {Haguenauer}, P. and {Kern}, P. and {Perraut}, K. and 
    {Malbet}, F. and {Schanen}, I. and {Severi}, M. and {Millan-Gabet}, R. and 
    {Traub}, W.},
    title = "{Integrated optics for astronomical interferometry. IV. First measurements of stars}",
  journal = {\aap},
 keywords = {INTERFEROMETRY, INTEGRATED OPTICS, INSTRUMENTATION},
     year = 2001,
    month = sep,
   volume = 376,
    pages = {L31-L34},
      doi = {10.1051/0004-6361:20011035},
   adsurl = {http://adsabs.harvard.edu/abs/2001A%26A...376L..31B},
  adsnote = {Provided by the SAO/NASA Astrophysics Data System}
}


@ARTICLE{Leon-Saval10,
       author = {{Leon-Saval}, Sergio G. and {Argyros}, Alexander and {Bland-Hawthorn}, Joss},
        title = "{Photonic lanterns: a study of light propagation in multimode to single-mode converters}",
      journal = {Optics Express},
         year = 2010,
        month = apr,
       volume = {18},
       number = {8},
        pages = {8430},
          doi = {10.1364/OE.18.008430},
       adsurl = {https://ui.adsabs.harvard.edu/abs/2010OExpr..18.8430L},
      adsnote = {Provided by the SAO/NASA Astrophysics Data System}
}


@INPROCEEDINGS{Bland-Hawthorn10,
       author = {{Bland-Hawthorn}, Joss and {Lawrence}, Jon and {Robertson}, Gordon and {Campbell}, Sam and {Pope}, Ben and {Betters}, Chris and {Leon-Saval}, Sergio and {Birks}, Tim and {Haynes}, Roger and {Cvetojevic}, Nick and et al.},
        title = "{PIMMS: photonic integrated multimode microspectrograph}",
    booktitle = {Ground-based and Airborne Instrumentation for Astronomy III},
         year = 2010,
       editor = {{McLean}, Ian S. and {Ramsay}, Suzanne K. and {Takami}, Hideki},
       series = {Society of Photo-Optical Instrumentation Engineers (SPIE) Conference Series},
       volume = {7735},
        month = jul,
          eid = {77350N},
        pages = {77350N},
          doi = {10.1117/12.856347},
       adsurl = {https://ui.adsabs.harvard.edu/abs/2010SPIE.7735E..0NB},
      adsnote = {Provided by the SAO/NASA Astrophysics Data System}
}



@ARTICLE{Jovanovic17,
       author = {{Jovanovic}, N. and {Schwab}, C. and {Guyon}, O. and {Lozi}, J. and {Cvetojevic}, N. and {Martinache}, F. and {Leon-Saval}, S. and {Norris}, B. and {Gross}, S. and {Doughty}, D. and et al.},
        title = "{Efficient injection from large telescopes into single-mode fibres: Enabling the era of ultra-precision astronomy}",
      journal = {\aap},
     keywords = {instrumentation: adaptive optics, instrumentation: high angular resolution, instrumentation: spectrographs, instrumentation: interferometers, Astrophysics - Instrumentation and Methods for Astrophysics, Physics - Optics},
         year = 2017,
        month = aug,
       volume = {604},
          eid = {A122},
        pages = {A122},
          doi = {10.1051/0004-6361/201630351},
archivePrefix = {arXiv},
       eprint = {1706.08821},
 primaryClass = {astro-ph.IM},
       adsurl = {https://ui.adsabs.harvard.edu/abs/2017A&A...604A.122J},
      adsnote = {Provided by the SAO/NASA Astrophysics Data System}
}



@ARTICLE{Salama24,
       author = {{Salama}, Ma{\"\i}ssa and {Guthery}, Charlotte and {Chambouleyron}, Vincent and {Jensen-Clem}, Rebecca and {Wallace}, J. Kent and {Delorme}, Jacques-Robert and {Troy}, Mitchell and {Wenger}, Tobias and {Echeverri}, Daniel and {Finnerty}, Luke and et al.},
        title = "{Keck Primary Mirror Closed-loop Segment Control Using a Vector-Zernike Wavefront Sensor}",
      journal = {\apj},
     keywords = {Adaptive optics, High contrast techniques, 2281, 2369, Astrophysics - Instrumentation and Methods for Astrophysics},
         year = 2024,
        month = jun,
       volume = {967},
       number = {2},
          eid = {171},
        pages = {171},
          doi = {10.3847/1538-4357/ad3b99},
archivePrefix = {arXiv},
       eprint = {2404.08728},
 primaryClass = {astro-ph.IM},
       adsurl = {https://ui.adsabs.harvard.edu/abs/2024ApJ...967..171S},
      adsnote = {Provided by the SAO/NASA Astrophysics Data System}
}

@ARTICLE{vanKooten22,
       author = {{van Kooten}, Maaike A.~M. and {Ragland}, Sam and {Jensen-Clem}, Rebecca and {Xin}, Yinzi and {Delorme}, Jacques-Robert and {Kent Wallace}, J.},
        title = "{On-sky Reconstruction of Keck Primary Mirror Piston Offsets Using a Zernike Wavefront Sensor}",
      journal = {\apj},
     keywords = {Astronomical instrumentation, Astronomical methods, Astronomical techniques, High angular resolution, Direct imaging, Observational astronomy, 799, 1043, 1684, 2167, 387, 1145, Astrophysics - Instrumentation and Methods for Astrophysics},
         year = 2022,
        month = jun,
       volume = {932},
       number = {2},
          eid = {109},
        pages = {109},
          doi = {10.3847/1538-4357/ac6ba2},
archivePrefix = {arXiv},
       eprint = {2205.02241},
 primaryClass = {astro-ph.IM},
       adsurl = {https://ui.adsabs.harvard.edu/abs/2022ApJ...932..109V},
      adsnote = {Provided by the SAO/NASA Astrophysics Data System}
}

@ARTICLE{Bos20,
       author = {{Bos}, S.~P. and {Vievard}, S. and {Wilby}, M.~J. and {Snik}, F. and {Lozi}, J. and {Guyon}, O. and {Norris}, B.~R.~M. and {Jovanovic}, N. and {Martinache}, F. and {Sauvage}, J. -F. and et al.},
        title = "{On-sky verification of Fast and Furious focal-plane wavefront sensing: Moving forward toward controlling the island effect at Subaru/SCExAO}",
      journal = {\aap},
     keywords = {instrumentation: adaptive optics, instrumentation: high angular resolution, Astrophysics - Instrumentation and Methods for Astrophysics, Astrophysics - Earth and Planetary Astrophysics},
         year = 2020,
        month = jul,
       volume = {639},
          eid = {A52},
        pages = {A52},
          doi = {10.1051/0004-6361/202037910},
archivePrefix = {arXiv},
       eprint = {2005.12097},
 primaryClass = {astro-ph.IM},
       adsurl = {https://ui.adsabs.harvard.edu/abs/2020A&A...639A..52B},
      adsnote = {Provided by the SAO/NASA Astrophysics Data System}
}


@INPROCEEDINGS{Keller12,
       author = {{Keller}, Christoph U. and {Korkiakoski}, Visa and {Doelman}, Niek and {Fraanje}, Rufus and {Andrei}, Raluca and {Verhaegen}, Michel},
        title = "{Extremely fast focal-plane wavefront sensing for extreme adaptive optics}",
     keywords = {Astrophysics - Instrumentation and Methods for Astrophysics, Physics - Optics},
    booktitle = {Adaptive Optics Systems III},
         year = 2012,
       editor = {{Ellerbroek}, Brent L. and {Marchetti}, Enrico and {V{\'e}ran}, Jean-Pierre},
       series = {Society of Photo-Optical Instrumentation Engineers (SPIE) Conference Series},
       volume = {8447},
        month = jul,
          eid = {844721},
        pages = {844721},
          doi = {10.1117/12.926725},
archivePrefix = {arXiv},
       eprint = {1207.3273},
 primaryClass = {astro-ph.IM},
       adsurl = {https://ui.adsabs.harvard.edu/abs/2012SPIE.8447E..21K},
      adsnote = {Provided by the SAO/NASA Astrophysics Data System}
}



@ARTICLE{vanHolstein23,
       author = {{van Holstein}, R.~G. and {Keller}, C.~U. and {Snik}, F. and {Bos}, S.~P.},
        title = "{Polarization-dependent beam shifts upon metallic reflection in high-contrast imagers and telescopes}",
      journal = {\aap},
     keywords = {polarization, telescopes, instrumentation: high angular resolution, instrumentation: polarimeters, methods: analytical, methods: numerical, Astrophysics - Instrumentation and Methods for Astrophysics, Astrophysics - Earth and Planetary Astrophysics, Physics - Optics},
         year = 2023,
        month = sep,
       volume = {677},
          eid = {A150},
        pages = {A150},
          doi = {10.1051/0004-6361/202243156},
archivePrefix = {arXiv},
       eprint = {2308.10940},
 primaryClass = {astro-ph.IM},
       adsurl = {https://ui.adsabs.harvard.edu/abs/2023A&A...677A.150V},
      adsnote = {Provided by the SAO/NASA Astrophysics Data System}
}

@ARTICLE{vanHolstein20,
       author = {{van Holstein}, R.~G. and {Girard}, J.~H. and {de Boer}, J. and {Snik}, F. and {Milli}, J. and {Stam}, D.~M. and {Ginski}, C. and {Mouillet}, D. and {Wahhaj}, Z. and {Schmid}, H.~M. and et al.},
        title = "{Polarimetric imaging mode of VLT/SPHERE/IRDIS. II. Characterization and correction of instrumental polarization effects}",
      journal = {\aap},
     keywords = {polarization, techniques: polarimetric, techniques: high angular resolution, techniques: image processing, methods: observational, protoplanetary disks, Astrophysics - Instrumentation and Methods for Astrophysics, Astrophysics - Earth and Planetary Astrophysics},
         year = 2020,
        month = jan,
       volume = {633},
          eid = {A64},
        pages = {A64},
          doi = {10.1051/0004-6361/201834996},
archivePrefix = {arXiv},
       eprint = {1909.13108},
 primaryClass = {astro-ph.IM},
       adsurl = {https://ui.adsabs.harvard.edu/abs/2020A&A...633A..64V},
      adsnote = {Provided by the SAO/NASA Astrophysics Data System}
}

@ARTICLE{Anche23,
       author = {{Anche}, Ramya M. and {Ashcraft}, Jaren N. and {Haffert}, Sebastiaan Y. and {Millar-Blanchaer}, Maxwell A. and {Douglas}, Ewan S. and {Snik}, Frans and {Williams}, Grant and {van Holstein}, Rob G. and {Doelman}, David and {Van Gorkom}, Kyle and et al.},
        title = "{Polarization aberrations in next-generation giant segmented mirror telescopes (GSMTs). I. Effect on the coronagraphic performance}",
      journal = {\aap},
     keywords = {polarization, instrumentation: adaptive optics, instrumentation: polarimeters, telescopes, planets and satellites: terrestrial planets, methods: numerical, Astrophysics - Instrumentation and Methods for Astrophysics},
         year = 2023,
        month = apr,
       volume = {672},
          eid = {A121},
        pages = {A121},
          doi = {10.1051/0004-6361/202245651},
archivePrefix = {arXiv},
       eprint = {2304.02079},
 primaryClass = {astro-ph.IM},
       adsurl = {https://ui.adsabs.harvard.edu/abs/2023A&A...672A.121A},
      adsnote = {Provided by the SAO/NASA Astrophysics Data System}
}



@ARTICLE{Chipman89,
       author = {{Chipman}, Russell A.},
        title = "{Polarization analysis of optical systems.}",
      journal = {Optical Engineering},
     keywords = {Geometrical Optics, Optical Equipment, Optical Polarization, Polarization Characteristics, Aberration, Matrices (Mathematics), Ray Tracing, Retarding, Optics, Optical Systems: Polarization, Optical Systems: Aberrations},
         year = 1989,
        month = feb,
       volume = {28},
        pages = {90-99},
       adsurl = {https://ui.adsabs.harvard.edu/abs/1989OptEn..28...90C},
      adsnote = {Provided by the SAO/NASA Astrophysics Data System}
}



@ARTICLE{Breckinridge15,
   author = {{Breckinridge}, J.~B. and {Lam}, W.~S.~T. and {Chipman},
R.~A.
    },
    title = "{Polarization Aberrations in Astronomical Telescopes: The
Point Spread Function}",
  journal = {\pasp},
     year = 2015,
    month = may,
   volume = 127,
    pages = {445-468},
      doi = {10.1086/681280},
   adsurl = {http://adsabs.harvard.edu/abs/2015PASP..127..445B},
  adsnote = {Provided by the SAO/NASA Astrophysics Data System}
}

@ARTICLE{Schmid18,
       author = {{Schmid}, H.~M. and {Bazzon}, A. and {Roelfsema}, R. and {Mouillet}, D. and {Milli}, J. and {Menard}, F. and {Gisler}, D. and {Hunziker}, S. and {Pragt}, J. and {Dominik}, C. and {Boccaletti}, A. and {Ginski}, C. and {Abe}, L. and {Antoniucci}, S. and {Avenhaus}, H. and {Baruffolo}, A. and {Baudoz}, P. and {Beuzit}, J.~L. and {Carbillet}, M. and {Chauvin}, G. and {Claudi}, R. and {Costille}, A. and {Daban}, J. -B. and {de Haan}, M. and {Desidera}, S. and {Dohlen}, K. and {Downing}, M. and {Elswijk}, E. and {Engler}, N. and {Feldt}, M. and {Fusco}, T. and {Girard}, J.~H. and {Gratton}, R. and {Hanenburg}, H. and {Henning}, Th. and {Hubin}, N. and {Joos}, F. and {Kasper}, M. and {Keller}, C.~U. and {Langlois}, M. and {Lagadec}, E. and {Martinez}, P. and {Mulder}, E. and {Pavlov}, A. and {Podio}, L. and {Puget}, P. and {Quanz}, S.~P. and {Rigal}, F. and {Salasnich}, B. and {Sauvage}, J. -F. and {Schuil}, M. and {Siebenmorgen}, R. and {Sissa}, E. and {Snik}, F. and {Suarez}, M. and {Thalmann}, Ch. and {Turatto}, M. and {Udry}, S. and {van Duin}, A. and {van Holstein}, R.~G. and {Vigan}, A. and {Wildi}, F.},
        title = "{SPHERE/ZIMPOL high resolution polarimetric imager. I. System overview, PSF parameters, coronagraphy, and polarimetry}",
      journal = {\aap},
     keywords = {instrumentation: adaptive optics, instrumentation: high angular resolution, instrumentation: polarimeters, instrumentation: detectors, planetary systems, circumstellar matter, Astrophysics - Instrumentation and Methods for Astrophysics},
         year = 2018,
        month = nov,
       volume = {619},
          eid = {A9},
        pages = {A9},
          doi = {10.1051/0004-6361/201833620},
archivePrefix = {arXiv},
       eprint = {1808.05008},
 primaryClass = {astro-ph.IM},
       adsurl = {https://ui.adsabs.harvard.edu/abs/2018A&A...619A...9S},
      adsnote = {Provided by the SAO/NASA Astrophysics Data System}
}


@ARTICLE{Deshler24,
       author = {{Deshler}, Nico and {Haffert}, Sebastiaan and {Ashok}, Amit},
        title = "{Achieving Quantum Limits of Exoplanet Detection and Localization}",
      journal = {arXiv e-prints},
     keywords = {Quantum Physics, Astrophysics - Earth and Planetary Astrophysics, Astrophysics - Instrumentation and Methods for Astrophysics},
         year = 2024,
        month = mar,
          eid = {arXiv:2403.17988},
        pages = {arXiv:2403.17988},
          doi = {10.48550/arXiv.2403.17988},
archivePrefix = {arXiv},
       eprint = {2403.17988},
 primaryClass = {quant-ph},
       adsurl = {https://ui.adsabs.harvard.edu/abs/2024arXiv240317988D},
      adsnote = {Provided by the SAO/NASA Astrophysics Data System}
}

@ARTICLE{Xin22,
       author = {{Xin}, Yinzi and {Jovanovic}, Nemanja and {Ruane}, Garreth and {Mawet}, Dimitri and {Fitzgerald}, Michael P. and {Echeverri}, Daniel and {Lin}, Jonathan and {Leon-Saval}, Sergio and {Gatkine}, Pradip and {Kim}, Yoo Jung and {Norris}, Barnaby and {Sallum}, Steph},
        title = "{Efficient Detection and Characterization of Exoplanets within the Diffraction Limit: Nulling with a Mode-selective Photonic Lantern}",
      journal = {\apj},
     keywords = {Coronagraphic imaging, Exoplanet astronomy, Direct imaging, 313, 486, 387, Astrophysics - Instrumentation and Methods for Astrophysics},
         year = 2022,
        month = oct,
       volume = {938},
       number = {2},
          eid = {140},
        pages = {140},
          doi = {10.3847/1538-4357/ac9284},
archivePrefix = {arXiv},
       eprint = {2209.07644},
 primaryClass = {astro-ph.IM},
       adsurl = {https://ui.adsabs.harvard.edu/abs/2022ApJ...938..140X},
      adsnote = {Provided by the SAO/NASA Astrophysics Data System}
}


@ARTICLE{Lin20,
       author = {{Norris}, Barnaby R.~M. and {Wei}, Jin and {Betters}, Christopher H. and {Wong}, Alison and {Leon-Saval}, Sergio G.},
        title = "{An all-photonic focal-plane wavefront sensor}",
      journal = {Nature Communications},
     keywords = {Astrophysics - Instrumentation and Methods for Astrophysics},
         year = 2020,
        month = oct,
       volume = {11},
          eid = {5335},
        pages = {5335},
          doi = {10.1038/s41467-020-19117-w},
archivePrefix = {arXiv},
       eprint = {2003.05158},
 primaryClass = {astro-ph.IM},
       adsurl = {https://ui.adsabs.harvard.edu/abs/2020NatCo..11.5335N},
      adsnote = {Provided by the SAO/NASA Astrophysics Data System}
}

@ARTICLE{Lin22,
       author = {{Lin}, Jonathan and {Fitzgerald}, Michael P. and {Xin}, Yinzi and {Guyon}, Olivier and {Leon-Saval}, Sergio and {Norris}, Barnaby and {Jovanovic}, Nemanja},
        title = "{Focal-plane wavefront sensing with photonic lanterns: theoretical framework}",
      journal = {Journal of the Optical Society of America B Optical Physics},
     keywords = {Astrophysics - Instrumentation and Methods for Astrophysics, Physics - Optics},
         year = 2022,
        month = oct,
       volume = {39},
       number = {10},
        pages = {2643},
          doi = {10.1364/JOSAB.466227},
archivePrefix = {arXiv},
       eprint = {2208.10563},
 primaryClass = {astro-ph.IM},
       adsurl = {https://ui.adsabs.harvard.edu/abs/2022JOSAB..39.2643L},
      adsnote = {Provided by the SAO/NASA Astrophysics Data System}
}


@ARTICLE{Norris20a,
       author = {{Norris}, Barnaby R.~M. and {Wei}, Jin and {Betters}, Christopher H. and {Wong}, Alison and {Leon-Saval}, Sergio G.},
        title = "{An all-photonic focal-plane wavefront sensor}",
      journal = {Nature Communications},
     keywords = {Astrophysics - Instrumentation and Methods for Astrophysics},
         year = 2020,
        month = oct,
       volume = {11},
          eid = {5335},
        pages = {5335},
          doi = {10.1038/s41467-020-19117-w},
archivePrefix = {arXiv},
       eprint = {2003.05158},
 primaryClass = {astro-ph.IM},
       adsurl = {https://ui.adsabs.harvard.edu/abs/2020NatCo..11.5335N},
      adsnote = {Provided by the SAO/NASA Astrophysics Data System}
}


@ARTICLE{Norris20,
       author = {{Norris}, Barnaby R.~M. and {Cvetojevic}, Nick and {Lagadec}, Tiphaine and {Jovanovic}, Nemanja and {Gross}, Simon and {Arriola}, Alexander and {Gretzinger}, Thomas and {Martinod}, Marc-Antoine and {Guyon}, Olivier and {Lozi}, Julien and et al.},
        title = "{First on-sky demonstration of an integrated-photonic nulling interferometer: the GLINT instrument}",
      journal = {\mnras},
     keywords = {instrumentation: high angular resolution, instrumentation: interferometers, methods: data analysis, techniques: high angular resolution, techniques: interferometric, planets and satellites: detection, Astrophysics - Instrumentation and Methods for Astrophysics},
         year = 2020,
        month = jan,
       volume = {491},
       number = {3},
        pages = {4180-4193},
          doi = {10.1093/mnras/stz3277},
archivePrefix = {arXiv},
       eprint = {1911.09808},
 primaryClass = {astro-ph.IM},
       adsurl = {https://ui.adsabs.harvard.edu/abs/2020MNRAS.491.4180N},
      adsnote = {Provided by the SAO/NASA Astrophysics Data System}
}

@ARTICLE{Norris22,
       author = {{Norris}, Barnaby and {Betters}, Christopher and {Wei}, Jin and {Yerolatsitis}, Stephanos and {Amezcua-Correa}, Rodrigo and {Leon-Saval}, Sergio},
        title = "{Optimal broadband starlight injection into a single-mode fibre with integrated photonic wavefront sensing}",
      journal = {Optics Express},
         year = 2022,
        month = sep,
       volume = {30},
       number = {19},
        pages = {34908},
          doi = {10.1364/OE.465639},
       adsurl = {https://ui.adsabs.harvard.edu/abs/2022OExpr..3034908N},
      adsnote = {Provided by the SAO/NASA Astrophysics Data System}
}

@INPROCEEDINGS{Desai23,
       author = {{Desai}, Niyati and {K{\"o}nig}, Lorenzo and {Por}, Emiel and {Juanola-Parramon}, Roser and {Belikov}, Ruslan and {Laginja}, Iva and {Guyon}, Olivier and {Pueyo}, Laurent and {Fogarty}, Kevin and {Absil}, Olivier and et al.},
        title = "{Integrated photonic-based coronagraphic systems for future space telescopes}",
     keywords = {Astrophysics - Instrumentation and Methods for Astrophysics},
    booktitle = {Society of Photo-Optical Instrumentation Engineers (SPIE) Conference Series},
         year = 2023,
       series = {Society of Photo-Optical Instrumentation Engineers (SPIE) Conference Series},
       volume = {12680},
        month = oct,
          eid = {126801S},
        pages = {126801S},
          doi = {10.1117/12.2677210},
archivePrefix = {arXiv},
       eprint = {2309.04925},
 primaryClass = {astro-ph.IM},
       adsurl = {https://ui.adsabs.harvard.edu/abs/2023SPIE12680E..1SD},
      adsnote = {Provided by the SAO/NASA Astrophysics Data System}
}


@ARTICLE{FaggingerAuer24,
       author = {{Fagginger Auer}, F.~J. and {Keller}, C.~U.},
        title = "{End-to-end simulations of exoplanet detection with multiplexed volume Bragg gratings}",
      journal = {\aap},
     keywords = {instrumentation: high angular resolution, instrumentation: miscellaneous, instrumentation: spectrographs, methods: numerical, techniques: imaging spectroscopy},
         year = 2024,
        month = jun,
       volume = {686},
          eid = {A306},
        pages = {A306},
          doi = {10.1051/0004-6361/202347885},
       adsurl = {https://ui.adsabs.harvard.edu/abs/2024A&A...686A.306F},
      adsnote = {Provided by the SAO/NASA Astrophysics Data System}
}

@INPROCEEDINGS{Por17,
       author = {{Por}, Emiel H.},
        title = "{Optimal design of apodizing phase plate coronagraphs}",
    booktitle = {Society of Photo-Optical Instrumentation Engineers (SPIE) Conference Series},
         year = 2017,
       editor = {{Shaklan}, Stuart},
       series = {Society of Photo-Optical Instrumentation Engineers (SPIE) Conference Series},
       volume = {10400},
        month = sep,
          eid = {104000V},
        pages = {104000V},
          doi = {10.1117/12.2274219},
       adsurl = {https://ui.adsabs.harvard.edu/abs/2017SPIE10400E..0VP},
      adsnote = {Provided by the SAO/NASA Astrophysics Data System}
}

@INPROCEEDINGS{Por18,
       author = {{Por}, Emiel H. and {Haffert}, Sebastiaan Y. and {Radhakrishnan}, Vikram M. and {Doelman}, David S. and {van Kooten}, Maaike and {Bos}, Steven P.},
        title = "{High Contrast Imaging for Python (HCIPy): an open-source adaptive optics and coronagraph simulator}",
    booktitle = {Adaptive Optics Systems VI},
         year = 2018,
       editor = {{Close}, Laird M. and {Schreiber}, Laura and {Schmidt}, Dirk},
       series = {Society of Photo-Optical Instrumentation Engineers (SPIE) Conference Series},
       volume = {10703},
        month = jul,
          eid = {1070342},
        pages = {1070342},
          doi = {10.1117/12.2314407},
       adsurl = {https://ui.adsabs.harvard.edu/abs/2018SPIE10703E..42P},
      adsnote = {Provided by the SAO/NASA Astrophysics Data System}
}


@INPROCEEDINGS{vanGorkom22,
       author = {{Van Gorkom}, Kyle and {Douglas}, Ewan S. and {Ashcraft}, Jaren N. and {Haffert}, Sebastiaan and {Kim}, Daewook and {Choi}, Heejoo and {Anche}, Ramya M. and {Males}, Jared R. and {Milani}, Kian and {Derby}, Kevin and et al.},
        title = "{The space coronagraph optical bench (SCoOB): 2. Wavefront sensing and control in a vacuum-compatible coronagraph testbed for spaceborne high-contrast imaging technology}",
     keywords = {Astrophysics - Instrumentation and Methods for Astrophysics},
    booktitle = {Space Telescopes and Instrumentation 2022: Optical, Infrared, and Millimeter Wave},
         year = 2022,
       editor = {{Coyle}, Laura E. and {Matsuura}, Shuji and {Perrin}, Marshall D.},
       series = {Society of Photo-Optical Instrumentation Engineers (SPIE) Conference Series},
       volume = {12180},
        month = aug,
          eid = {121805M},
        pages = {121805M},
          doi = {10.1117/12.2630704},
archivePrefix = {arXiv},
       eprint = {2208.01155},
 primaryClass = {astro-ph.IM},
       adsurl = {https://ui.adsabs.harvard.edu/abs/2022SPIE12180E..5MV},
      adsnote = {Provided by the SAO/NASA Astrophysics Data System}
}


@INPROCEEDINGS{Ashcraft22,
       author = {{Ashcraft}, Jaren N. and {Choi}, Heejoo and {Douglas}, Ewan S. and {Derby}, Kevin and {Van Gorkom}, Kyle and {Kim}, Daewook and {Anche}, Ramya and {Carter}, Alex and {Durney}, Olivier and {Haffert}, Sebastiaan and et al.},
        title = "{The space coronagraph optical bench (SCoOB): 1. Design and assembly of a vacuum-compatible coronagraph testbed for spaceborne high-contrast imaging technology}",
     keywords = {Astrophysics - Instrumentation and Methods for Astrophysics},
    booktitle = {Space Telescopes and Instrumentation 2022: Optical, Infrared, and Millimeter Wave},
         year = 2022,
       editor = {{Coyle}, Laura E. and {Matsuura}, Shuji and {Perrin}, Marshall D.},
       series = {Society of Photo-Optical Instrumentation Engineers (SPIE) Conference Series},
       volume = {12180},
        month = aug,
          eid = {121805L},
        pages = {121805L},
          doi = {10.1117/12.2628855},
archivePrefix = {arXiv},
       eprint = {2208.01156},
 primaryClass = {astro-ph.IM},
       adsurl = {https://ui.adsabs.harvard.edu/abs/2022SPIE12180E..5LA},
      adsnote = {Provided by the SAO/NASA Astrophysics Data System}
}


@INPROCEEDINGS{Schneider98,
       author = {{Schneider}, Glenn and {Thompson}, Rodger I. and {Smith}, Bradford A. and {Terrile}, Richard J.},
        title = "{Exploration of the environments of nearby stars with the NICMOS coronagraph: instrumental performance considerations}",
    booktitle = {Space Telescopes and Instruments V},
         year = 1998,
       editor = {{Bely}, Pierre Y. and {Breckinridge}, James B.},
       series = {Society of Photo-Optical Instrumentation Engineers (SPIE) Conference Series},
       volume = {3356},
        month = aug,
        pages = {222-233},
          doi = {10.1117/12.324461},
       adsurl = {https://ui.adsabs.harvard.edu/abs/1998SPIE.3356..222S},
      adsnote = {Provided by the SAO/NASA Astrophysics Data System}
}

@article{Marois00,
  title        = {Efficient Speckle Noise Attenuation in Faint Companion Imaging},
  author       = {C. {Marois} and R. {Doyon} and R. {Racine} and D. {Nadeau}},
  year         = 2000,
  month        = jan,
  journal      = {\pasp},
  volume       = 112,
  pages        = {91--96},
  adsurl       = {http://adsabs.harvard.edu/abs/2000PASP..112...91M},
  adsnote      = {Provided by the Smithsonian/NASA Astrophysics Data System}
}

@article{Marois04,
  title        = {Differential Imaging with a Multicolor Detector Assembly: A New Exoplanet Finder Concept},
  author       = {C. {Marois} and R. {Racine} and R. {Doyon} and D. {Lafreni{\`e}re} and D. {Nadeau}},
  year         = 2004,
  month        = nov,
  journal      = {\apjl},
  volume       = 615,
  pages        = {L61--l64},
  doi          = {10.1086/426077},
  eprint       = {arXiv:astro-ph/0410010},
  adsurl       = {http://adsabs.harvard.edu/abs/2004ApJ...615L..61M},
  adsnote      = {Provided by the Smithsonian/NASA Astrophysics Data System}
}


@ARTICLE{Kirkpatrick24,
       author = {{Kirkpatrick}, J. Davy and {Marocco}, Federico and {Gelino}, Christopher R. and {Raghu}, Yadukrishna and {Faherty}, Jacqueline K. and {Bardalez Gagliuffi}, Daniella C. and {Schurr}, Steven D. and {Apps}, Kevin and {Schneider}, Adam C. and {Meisner}, Aaron M. and et al.},
        title = "{The Initial Mass Function Based on the Full-sky 20 pc Census of {\ensuremath{\sim}}3600 Stars and Brown Dwarfs}",
      journal = {\apjs},
     keywords = {Initial mass function, Stellar mass functions, Brown dwarfs, Trigonometric parallax, Solar neighborhood, Binary stars, 796, 1612, 185, 1713, 1509, 154, Astrophysics - Solar and Stellar Astrophysics, Astrophysics - Earth and Planetary Astrophysics, Astrophysics - Astrophysics of Galaxies},
         year = 2024,
        month = apr,
       volume = {271},
       number = {2},
          eid = {55},
        pages = {55},
          doi = {10.3847/1538-4365/ad24e2},
archivePrefix = {arXiv},
       eprint = {2312.03639},
 primaryClass = {astro-ph.SR},
       adsurl = {https://ui.adsabs.harvard.edu/abs/2024ApJS..271...55K},
      adsnote = {Provided by the SAO/NASA Astrophysics Data System}
}


@ARTICLE{Golovin23,
       author = {{Golovin}, Alex and {Reffert}, Sabine and {Just}, Andreas and {Jordan}, Stefan and {Vani}, Akash and {Jahrei{\ss}}, Hartmut},
        title = "{The Fifth Catalogue of Nearby Stars (CNS5)}",
      journal = {\aap},
     keywords = {catalogs, stars: distances, Hertzsprung-Russell and C-M diagrams, stars: luminosity function, mass function, solar neighborhood, Galaxy: stellar content, Astrophysics - Solar and Stellar Astrophysics, Astrophysics - Earth and Planetary Astrophysics, Astrophysics - Astrophysics of Galaxies, Astrophysics - Instrumentation and Methods for Astrophysics},
         year = 2023,
        month = feb,
       volume = {670},
          eid = {A19},
        pages = {A19},
          doi = {10.1051/0004-6361/202244250},
archivePrefix = {arXiv},
       eprint = {2211.01449},
 primaryClass = {astro-ph.SR},
       adsurl = {https://ui.adsabs.harvard.edu/abs/2023A&A...670A..19G},
      adsnote = {Provided by the SAO/NASA Astrophysics Data System}
}


@article{Thatte07,
  title        = {Very high contrast integral field spectroscopy of AB Doradus C: 9-mag contrast at 0.2arcsec without a coronagraph using spectral deconvolution},
  author       = {{Thatte}, N. and {Abuter}, R. and {Tecza}, M. and {Nielsen}, E.~L. and {Clarke}, F.~J. and {Close}, L.~M.},
  year         = 2007,
  month        = jul,
  journal      = {\mnras},
  volume       = 378,
  pages        = {1229--1236},
  doi          = {10.1111/j.1365-2966.2007.11717.x},
  eprint       = {astro-ph/0703565},
  keywords     = {instrumentation: adaptive optics, instrumentation: spectrographs, binaries: close, stars: individual: AB Doradus C, stars: low-mass, brown dwarfs},
  adsurl       = {http://adsabs.harvard.edu/abs/2007MNRAS.378.1229T},
  adsnote      = {Provided by the SAO/NASA Astrophysics Data System}
}
@ARTICLE{Gledhill91,
       author = {{Gledhill}, T.~M. and {Scarrott}, S.~M. and {Wolstencroft}, R.~D.},
        title = "{Optical polarization in the disc around beta Pictoris.}",
      journal = {\mnras},
     keywords = {Astronomical Polarimetry, Optical Polarization, Planetary Nebulae, Reflection Nebulae, Charge Coupled Devices, Infrared Astronomy Satellite, Polarized Light, Zodiacal Light, Astrophysics},
         year = 1991,
        month = sep,
       volume = {252},
        pages = {50P},
          doi = {10.1093/mnras/252.1.50P},
       adsurl = {https://ui.adsabs.harvard.edu/abs/1991MNRAS.252P..50G},
      adsnote = {Provided by the SAO/NASA Astrophysics Data System}
}


@ARTICLE{Hoeijmakers18,
       author = {{Hoeijmakers}, H.~J. and {Schwarz}, H. and {Snellen}, I.~A.~G. and {de Kok}, R.~J. and {Bonnefoy}, M. and {Chauvin}, G. and {Lagrange}, A.~M. and {Girard}, J.~H.},
        title = "{Medium-resolution integral-field spectroscopy for high-contrast exoplanet imaging. Molecule maps of the {\ensuremath{\beta}} Pictoris system with SINFONI}",
      journal = {\aap},
     keywords = {infrared: planetary systems, techniques: imaging spectroscopy, planets and satellites: atmospheres, planets and satellites: detection, planets and satellites: gaseous planets, Astrophysics - Earth and Planetary Astrophysics},
         year = 2018,
        month = oct,
       volume = {617},
          eid = {A144},
        pages = {A144},
          doi = {10.1051/0004-6361/201832902},
archivePrefix = {arXiv},
       eprint = {1802.09721},
 primaryClass = {astro-ph.EP},
       adsurl = {https://ui.adsabs.harvard.edu/abs/2018A&A...617A.144H},
      adsnote = {Provided by the SAO/NASA Astrophysics Data System}
}

@article{Snellen10,
  title        = {The orbital motion, absolute mass and high-altitude winds of exoplanet HD209458b},
  author       = {{Snellen}, I.~A.~G. and {de Kok}, R.~J. and {de Mooij}, E.~J.~W. and {Albrecht}, S.},
  year         = 2010,
  month        = jun,
  journal      = {\nat},
  volume       = 465,
  pages        = {1049--1051},
  doi          = {10.1038/nature09111},
  archiveprefix = {arXiv},
  eprint       = {1006.4364},
  primaryclass = {astro-ph.EP},
  adsurl       = {http://adsabs.harvard.edu/abs/2010Natur.465.1049S},
  adsnote      = {Provided by the SAO/NASA Astrophysics Data System}
}

@article{Marois06,
  title        = {Angular Differential Imaging: A Powerful High-Contrast Imaging Technique},
  author       = {C. {Marois} and D. {Lafreni{\`e}re} and R. {Doyon} and B. {Macintosh} and D. {Nadeau}},
  year         = 2006,
  month        = apr,
  journal      = {\apj},
  volume       = 641,
  pages        = {556--564},
  doi          = {10.1086/500401},
  eprint       = {arXiv:astro-ph/0512335},
  adsurl       = {http://adsabs.harvard.edu/abs/2006ApJ...641..556M},
  adsnote      = {Provided by the Smithsonian/NASA Astrophysics Data System}
}

@article{Marois05,
  title        = {TRIDENT: An Infrared Differential Imaging Camera Optimized for the Detection of Methanated Substellar Companions},
  author       = {C. {Marois} and R. {Doyon} and D. {Nadeau} and R. {Racine} and M. {Riopel} and P. {Vall{\'e}e} and D. {Lafreni{\`e}re}},
  year         = 2005,
  month        = jul,
  journal      = {\pasp},
  volume       = 117,
  pages        = {745--756},
  doi          = {10.1086/431347},
  eprint       = {arXiv:astro-ph/0504652},
  adsurl       = {http://adsabs.harvard.edu/abs/2005PASP..117..745M},
  adsnote      = {Provided by the Smithsonian/NASA Astrophysics Data System}
}

@MISC{Bely93,
       author = {{B{\'e}ly}, Pierre and {Hasan}, Hashima and {Miebach}, ManfredB{\'e}ly, Pierre and {Hasan}, Hashima and {Miebach}, Manfred},
        title = "{Orbital Focus Variations in the Hubble Space Telescope}",
     keywords = {Space Telescope Science Institute, STScI, Hubble Space Telescope, HST},
 howpublished = {Instrument Science Report SESD 93-16, 9 pages},
         year = 1993,
        month = aug,
        pages = {16},
       adsurl = {https://ui.adsabs.harvard.edu/abs/1993sesd.rept...16B},
      adsnote = {Provided by the SAO/NASA Astrophysics Data System}
}

@article{Schneider99,
  title        = {NICMOS Imaging of the HR 4796A Circumstellar Disk},
  author       = {{Schneider}, G. and {Smith}, B.~A. and {Becklin}, E.~E. and {Koerner}, D.~W. and {Meier}, R. and {Hines}, D.~C. and {Lowrance}, P.~J. and {Terrile}, R.~J. and {Thompson}, R.~I. and {Rieke}, M.},
  year         = 1999,
  month        = mar,
  journal      = {\apjl},
  volume       = 513,
  pages        = {L127-l130},
  doi          = {10.1086/311921},
  eprint       = {arXiv:astro-ph/9901218},
  keywords     = {Stars: Circumstellar Matter, Infrared: Stars, Stars: Planetary Systems, Stars: Individual: Bright Star Number: Hr 4796a},
  adsurl       = {http://adsabs.harvard.edu/abs/1999ApJ...513L.127S},
  adsnote      = {Provided by the SAO/NASA Astrophysics Data System}
}

@ARTICLE{Por20a,
       author = {{Por}, E.~H. and {Haffert}, S.~Y.},
        title = "{The Single-mode Complex Amplitude Refinement (SCAR) coronagraph. I. Concept, theory, and design}",
      journal = {\aap},
     keywords = {instrumentation: high angular resolution, techniques: high angular resolution, methods: numerical},
         year = 2020,
        month = mar,
       volume = {635},
          eid = {A55},
        pages = {A55},
          doi = {10.1051/0004-6361/201731616},
       adsurl = {https://ui.adsabs.harvard.edu/abs/2020A&A...635A..55P},
      adsnote = {Provided by the SAO/NASA Astrophysics Data System}
}


@ARTICLE{Por20,
       author = {{Por}, Emiel H.},
        title = "{Phase-apodized-pupil Lyot Coronagraphs for Arbitrary Telescope Pupils}",
      journal = {\apj},
     keywords = {instrumentation: high angular resolution, methods: numerical, techniques: high angular resolution, Astrophysics - Instrumentation and Methods for Astrophysics, Astrophysics - Earth and Planetary Astrophysics},
         year = 2020,
        month = jan,
       volume = {888},
       number = {2},
          eid = {127},
        pages = {127},
          doi = {10.3847/1538-4357/ab3857},
archivePrefix = {arXiv},
       eprint = {1908.02585},
 primaryClass = {astro-ph.IM},
       adsurl = {https://ui.adsabs.harvard.edu/abs/2020ApJ...888..127P},
      adsnote = {Provided by the SAO/NASA Astrophysics Data System}
}



@ARTICLE{Chanan00,
       author = {{Chanan}, Gary and {Ohara}, Catherine and {Troy}, Mitchell},
        title = "{Phasing the Mirror Segments of the Keck Telescopes II: The Narrow-band Phasing Algorithm}",
      journal = {\ao},
         year = 2000,
        month = sep,
       volume = {39},
       number = {25},
        pages = {4706-4714},
          doi = {10.1364/AO.39.004706},
       adsurl = {https://ui.adsabs.harvard.edu/abs/2000ApOpt..39.4706C},
      adsnote = {Provided by the SAO/NASA Astrophysics Data System}
}



@ARTICLE{Gonte09,
       author = {{Gont{\'e}}, Fr{\'e}d{\'e}ric and {Araujo}, Constanza and {Bourtembourg}, Reynald and {Brast}, Roland and {Derie}, Fr{\'e}d{\'e}ric and {Duhoux}, Philippe and {Dupuy}, Christophe and {Frank}, Christophe and {Karban}, Robert and {Mazzoleni}, Ruben and et al.},
        title = "{On-sky Testing of the Active Phasing Experiment}",
      journal = {The Messenger},
         year = 2009,
        month = jun,
       volume = {136},
        pages = {25-31},
       adsurl = {https://ui.adsabs.harvard.edu/abs/2009Msngr.136...25G},
      adsnote = {Provided by the SAO/NASA Astrophysics Data System}
}


@INPROCEEDINGS{Dohlen06,
       author = {{Dohlen}, Kjetil and {Langlois}, Maud and {Lanzoni}, Patrick and {Mazzanti}, Silvio and {Vigan}, Arthur and {Montoya}, Luzma and {Hernandez}, Elvio and {Reyes}, Marcos and {Surdej}, Isabel and {Yaitskova}, Natalya},
        title = "{ZEUS: a cophasing sensor based on the Zernike phase contrast method}",
    booktitle = {Ground-based and Airborne Telescopes},
         year = 2006,
       editor = {{Stepp}, Larry M.},
       series = {Society of Photo-Optical Instrumentation Engineers (SPIE) Conference Series},
       volume = {6267},
        month = jun,
          eid = {626734},
        pages = {626734},
          doi = {10.1117/12.671377},
       adsurl = {https://ui.adsabs.harvard.edu/abs/2006SPIE.6267E..34D},
      adsnote = {Provided by the SAO/NASA Astrophysics Data System}
}



@INPROCEEDINGS{Pfrommer18,
       author = {{Pfrommer}, T. and {Lewis}, S. and {Kosmalski}, J. and {La Penna}, P. and {Frank}, C. and {Guidolin}, I. and {Leveque}, S. and {Cheffot}, A. -L. and {Bonnet}, H. and {Kornweibel}, N. and et al.},
        title = "{MELT: an optomechanical emulation testbench for ELT wavefront control and phasing strategy}",
    booktitle = {Ground-based and Airborne Telescopes VII},
         year = 2018,
       editor = {{Marshall}, Heather K. and {Spyromilio}, Jason},
       series = {Society of Photo-Optical Instrumentation Engineers (SPIE) Conference Series},
       volume = {10700},
        month = jul,
          eid = {107003F},
        pages = {107003F},
          doi = {10.1117/12.2313537},
       adsurl = {https://ui.adsabs.harvard.edu/abs/2018SPIE10700E..3FP},
      adsnote = {Provided by the SAO/NASA Astrophysics Data System}
}



@INPROCEEDINGS{Quiros-Pacheco22,
       author = {{Quir{\'o}s-Pacheco}, Fernando and {van Dam}, Marcos and {Bouchez}, Antonin H. and {Conan}, Rodolphe and {Haffert}, Sebastiaan Y. and {Agapito}, Guido and {Demers}, Richard},
        title = "{The Giant Magellan Telescope natural guidestar adaptive optics mode: improving the robustness of segment piston control}",
    booktitle = {Adaptive Optics Systems VIII},
         year = 2022,
       editor = {{Schreiber}, Laura and {Schmidt}, Dirk and {Vernet}, Elise},
       series = {Society of Photo-Optical Instrumentation Engineers (SPIE) Conference Series},
       volume = {12185},
        month = aug,
          eid = {1218517},
        pages = {1218517},
          doi = {10.1117/12.2629618},
       adsurl = {https://ui.adsabs.harvard.edu/abs/2022SPIE12185E..17Q},
      adsnote = {Provided by the SAO/NASA Astrophysics Data System}
}


@ARTICLE{Bertrou-Cantou22,
       author = {{Bertrou-Cantou}, A. and {Gendron}, E. and {Rousset}, G. and {Deo}, V. and {Ferreira}, F. and {Sevin}, A. and {Vidal}, F.},
        title = "{Confusion in differential piston measurement with the pyramid wavefront sensor}",
      journal = {\aap},
     keywords = {instrumentation: adaptive optics, telescopes},
         year = 2022,
        month = feb,
       volume = {658},
          eid = {A49},
        pages = {A49},
          doi = {10.1051/0004-6361/202141632},
       adsurl = {https://ui.adsabs.harvard.edu/abs/2022A&A...658A..49B},
      adsnote = {Provided by the SAO/NASA Astrophysics Data System}
}



@INPROCEEDINGS{Bertrou-Cantou23,
       author = {{Bertrou-Cantou}, Arielle and {Gendron}, Eric and {Rousset}, G{\'e}rard and {Vidal}, Fabrice and {Raffard}, Jordan and {Sevin}, Arnaud and {Ferreira}, Florian and {Clenet}, Yann},
        title = "{Lab demonstration of wavefront reconstruction for the fragmented aperture of the ELT}",
     keywords = {Wavefront sensing and control, Fragmented pupil, Pyramid wavefront sensor},
    booktitle = {Adaptive Optics for Extremely Large Telescopes (AO4ELT7)},
         year = 2023,
        month = jun,
          eid = {124},
        pages = {124},
          doi = {10.13009/AO4ELT7-2023-126},
       adsurl = {https://ui.adsabs.harvard.edu/abs/2023aoel.confE.124B},
      adsnote = {Provided by the SAO/NASA Astrophysics Data System}
}


@ARTICLE{Haffert22,
       author = {{Haffert}, Sebastiaan Y. and {Close}, Laird M. and {Hedglen}, Alexander D. and {Males}, Jared R. and {Kautz}, Maggie and {Bouchez}, Antonin H. and {Demers}, Richard and {Quir{\'o}s-Pacheco}, Fernando and {Sitarski}, Breann N. and {Van Gorkom}, Kyle and et al.},
        title = "{Phasing the Giant Magellan Telescope with the holographic dispersed fringe sensor}",
      journal = {Journal of Astronomical Telescopes, Instruments, and Systems},
     keywords = {adaptive optics, giant segmented mirror telescopes, phasing, wavefront sensing},
         year = 2022,
        month = apr,
       volume = {8},
          eid = {021513},
        pages = {021513},
          doi = {10.1117/1.JATIS.8.2.021513},
       adsurl = {https://ui.adsabs.harvard.edu/abs/2022JATIS...8b1513H},
      adsnote = {Provided by the SAO/NASA Astrophysics Data System}
}




@ARTICLE{Leboulleux20,
       author = {{Leboulleux}, Lucie and {Sauvage}, Jean-Fran{\c{c}}ois and {Soummer}, R{\'e}mi and {Fusco}, Thierry and {Pueyo}, Laurent and {Mugnier}, Laurent M. and {Moriarty}, Christopher and {Petrone}, Peter and {Brooks}, Keira},
        title = "{Experimental validation of coronagraphic focal-plane wavefront sensing for future segmented space telescopes}",
      journal = {\aap},
     keywords = {instrumentation: high angular resolution, techniques: high angular resolution, planets and satellites: detection, Astrophysics - Instrumentation and Methods for Astrophysics},
         year = 2020,
        month = jul,
       volume = {639},
          eid = {A70},
        pages = {A70},
          doi = {10.1051/0004-6361/202037658},
archivePrefix = {arXiv},
       eprint = {2006.14494},
 primaryClass = {astro-ph.IM},
       adsurl = {https://ui.adsabs.harvard.edu/abs/2020A&A...639A..70L},
      adsnote = {Provided by the SAO/NASA Astrophysics Data System}
}


@ARTICLE{Leboulleux22a,
       author = {{Leboulleux}, Lucie and {Carlotti}, Alexis and {N'Diaye}, Mamadou and {Bertrou-Cantou}, Arielle and {Milli}, Julien and {Pourr{\'e}}, Nicolas and {Cantalloube}, Faustine and {Mouillet}, David and {V{\'e}rinaud}, Christophe},
        title = "{Redundant apodization for direct imaging of exoplanets. II. Application to island effects}",
      journal = {\aap},
     keywords = {atmospheric effects, turbulence, instrumentation: high angular resolution, techniques: high angular resolution, telescopes, planets and satellites: detection, Astrophysics - Instrumentation and Methods for Astrophysics},
         year = 2022,
        month = oct,
       volume = {666},
          eid = {A91},
        pages = {A91},
          doi = {10.1051/0004-6361/202243413},
archivePrefix = {arXiv},
       eprint = {2206.00295},
 primaryClass = {astro-ph.IM},
       adsurl = {https://ui.adsabs.harvard.edu/abs/2022A&A...666A..91L},
      adsnote = {Provided by the SAO/NASA Astrophysics Data System}
}

@article{Martinez12,
  title        = {Speckle temporal stability in XAO coronagraphic images},
  author       = {{Martinez}, P. and {Loose}, C. and {Aller Carpentier}, E. and {Kasper}, M.},
  year         = 2012,
  month        = may,
  journal      = {\aap},
  volume       = 541,
  pages        = {A136},
  doi          = {10.1051/0004-6361/201118459},
  archiveprefix = {arXiv},
  eprint       = {1203.4931},
  primaryclass = {astro-ph.IM},
  keywords     = {instrumentation: high angular resolution, methods: laboratory, techniques: high angular resolution},
  eid          = {A136},
  adsurl       = {http://adsabs.harvard.edu/abs/2012A%26A...541A.136M},
  adsnote      = {Provided by the SAO/NASA Astrophysics Data System}
}

@ARTICLE{Pourcelot22,
       author = {{Pourcelot}, R. and {N'Diaye}, M. and {Por}, E.~H. and {Laginja}, I. and {Carbillet}, M. and {Benard}, H. and {Brady}, G. and {Canas}, L. and {Dohlen}, K. and {Fowler}, J. and et al.},
        title = "{Low-order wavefront control using a Zernike sensor through Lyot coronagraphs for exoplanet imaging. Blind stabilization of an image dark hole}",
      journal = {\aap},
     keywords = {instrumentation: high angular resolution, methods: data analysis, telescopes, Astrophysics - Instrumentation and Methods for Astrophysics, Astrophysics - Earth and Planetary Astrophysics},
         year = 2022,
        month = jul,
       volume = {663},
          eid = {A49},
        pages = {A49},
          doi = {10.1051/0004-6361/202243145},
archivePrefix = {arXiv},
       eprint = {2204.06442},
 primaryClass = {astro-ph.IM},
       adsurl = {https://ui.adsabs.harvard.edu/abs/2022A&A...663A..49P},
      adsnote = {Provided by the SAO/NASA Astrophysics Data System}
}

@ARTICLE{Wilby18,
       author = {{Wilby}, M.~J. and {Keller}, C.~U. and {Sauvage}, J. -F. and {Dohlen}, K. and {Fusco}, T. and {Mouillet}, D. and {Beuzit}, J. -L.},
        title = "{Laboratory verification of Fast \& Furious phase diversity: Towards controlling the low wind effect in the SPHERE instrument}",
      journal = {\aap},
     keywords = {instrumentation: adaptive optics, instrumentation: high angular resolution, techniques: high angular resolution, atmospheric effects, telescopes, Astrophysics - Instrumentation and Methods for Astrophysics, Astrophysics - Earth and Planetary Astrophysics},
         year = 2018,
        month = jul,
       volume = {615},
          eid = {A34},
        pages = {A34},
          doi = {10.1051/0004-6361/201731958},
archivePrefix = {arXiv},
       eprint = {1803.03258},
 primaryClass = {astro-ph.IM},
       adsurl = {https://ui.adsabs.harvard.edu/abs/2018A&A...615A..34W},
      adsnote = {Provided by the SAO/NASA Astrophysics Data System}
}

@article{Boccaletti04,
  title        = {The Four-Quadrant Phase Mask Coronagraph. IV. First Light at the Very Large Telescope},
  author       = {{Boccaletti}, A. and {Riaud}, P. and {Baudoz}, P. and {Baudrand}, J. and {Rouan}, D. and {Gratadour}, D. and {Lacombe}, F. and {Lagrange}, A.-M.},
  year         = 2004,
  month        = nov,
  journal      = {\pasp},
  volume       = 116,
  pages        = {1061--1071},
  doi          = {10.1086/425735},
  keywords     = {Instrumentation: High Angular Resolution, Instrumentation: Adaptive Optics, Techniques: Interferometric, Stars: Individual: Henry Draper Number: HD 100546, stars: individual (HIP 1306), stars: individual (HIP 27758)},
  adsurl       = {http://adsabs.harvard.edu/abs/2004PASP..116.1061B},
  adsnote      = {Provided by the SAO/NASA Astrophysics Data System}
}

@ARTICLE{Gerard18,
       author = {{Gerard}, Benjamin L. and {Marois}, Christian and {Galicher}, Rapha{\"e}l},
        title = "{Fast Coherent Differential Imaging on Ground-based Telescopes Using the Self-coherent Camera}",
      journal = {\aj},
     keywords = {planets and satellites: detection, instrumentation: adaptive optics, techniques: image processing, techniques: interferometric, Astrophysics - Instrumentation and Methods for Astrophysics, Astrophysics - Earth and Planetary Astrophysics},
         year = 2018,
        month = sep,
       volume = {156},
       number = {3},
          eid = {106},
        pages = {106},
          doi = {10.3847/1538-3881/aad23e},
archivePrefix = {arXiv},
       eprint = {1806.02881},
 primaryClass = {astro-ph.IM},
       adsurl = {https://ui.adsabs.harvard.edu/abs/2018AJ....156..106G},
      adsnote = {Provided by the SAO/NASA Astrophysics Data System}
}

@ARTICLE{Ruane20,
       author = {{Ruane}, Garreth and {Wallace}, J. Kent and {Steeves}, John and {Prada}, Camilo Mejia and {Seo}, Byoung-Joon and {Bendek}, Eduardo and {Coker}, Carl and {Chen}, Pin and {Crill}, Brendan and {Jewell}, Jeff and et al.},
        title = "{Wavefront sensing and control in space-based coronagraph instruments using Zernike's phase-contrast method}",
      journal = {Journal of Astronomical Telescopes, Instruments, and Systems},
     keywords = {Astrophysics - Instrumentation and Methods for Astrophysics, Physics - Optics},
         year = 2020,
        month = oct,
       volume = {6},
          eid = {045005},
        pages = {045005},
          doi = {10.1117/1.JATIS.6.4.045005},
archivePrefix = {arXiv},
       eprint = {2010.10541},
 primaryClass = {astro-ph.IM},
       adsurl = {https://ui.adsabs.harvard.edu/abs/2020JATIS...6d5005R},
      adsnote = {Provided by the SAO/NASA Astrophysics Data System}
}

@INPROCEEDINGS{Desai23a,
       author = {{Desai}, Niyati and {K{\"o}nig}, Lorenzo and {Por}, Emiel and {Juanola-Parramon}, Roser and {Belikov}, Ruslan and {Laginja}, Iva and {Guyon}, Olivier and {Pueyo}, Laurent and {Fogarty}, Kevin and {Absil}, Olivier and et al.},
        title = "{Integrated photonic-based coronagraphic systems for future space telescopes}",
     keywords = {Astrophysics - Instrumentation and Methods for Astrophysics},
    booktitle = {Society of Photo-Optical Instrumentation Engineers (SPIE) Conference Series},
         year = 2023,
       series = {Society of Photo-Optical Instrumentation Engineers (SPIE) Conference Series},
       volume = {12680},
        month = oct,
          eid = {126801S},
        pages = {126801S},
          doi = {10.1117/12.2677210},
archivePrefix = {arXiv},
       eprint = {2309.04925},
 primaryClass = {astro-ph.IM},
       adsurl = {https://ui.adsabs.harvard.edu/abs/2023SPIE12680E..1SD},
      adsnote = {Provided by the SAO/NASA Astrophysics Data System}
}

@INPROCEEDINGS{Fowler23,
       author = {{Fowler}, J. and {Haffert}, Sebastiaan Y. and {van Kooten}, Maaike A.~M. and {Landman}, Rico and {Bidot}, Alexis and {Hours}, Adrien and {N'Diaye}, Mamadou and {Absil}, Olivier and {Altinier}, Lisa and {Baudoz}, Pierre and et al.},
        title = "{Visible extreme adaptive optics on extremely large telescopes: towards detecting oxygen in Proxima Centauri b and analogs}",
    booktitle = {Society of Photo-Optical Instrumentation Engineers (SPIE) Conference Series},
         year = 2023,
       series = {Society of Photo-Optical Instrumentation Engineers (SPIE) Conference Series},
       volume = {12680},
        month = oct,
          eid = {126801U},
        pages = {126801U},
          doi = {10.1117/12.2677503},
       adsurl = {https://ui.adsabs.harvard.edu/abs/2023SPIE12680E..1UF},
      adsnote = {Provided by the SAO/NASA Astrophysics Data System}
}

@ARTICLE{Vievard19,
       author = {{Vievard}, Sebastien and {Bos}, Steven and {Cassaing}, Frederic and {Ceau}, Alban and {Guyon}, Olivier and {Jovanovic}, Nemanja and {Keller}, Christoph U. and {Lozi}, Julien and {Martinache}, Frantz and {Montmerle-Bonnefois}, Aurelie and et al.},
        title = "{Overview of focal plane wavefront sensors to correct for the Low Wind Effect on SUBARU/SCExAO}",
      journal = {arXiv e-prints},
     keywords = {Astrophysics - Instrumentation and Methods for Astrophysics},
         year = 2019,
        month = dec,
          eid = {arXiv:1912.10179},
        pages = {arXiv:1912.10179},
          doi = {10.48550/arXiv.1912.10179},
archivePrefix = {arXiv},
       eprint = {1912.10179},
 primaryClass = {astro-ph.IM},
       adsurl = {https://ui.adsabs.harvard.edu/abs/2019arXiv191210179V},
      adsnote = {Provided by the SAO/NASA Astrophysics Data System}
}

@INPROCEEDINGS{Milli18,
       author = {{Milli}, J. and {Kasper}, M. and {Bourget}, P. and {Pannetier}, C. and {Mouillet}, D. and {Sauvage}, J. -F. and {Reyes}, C. and {Fusco}, T. and {Cantalloube}, F. and {Tristam}, K. and et al.},
        title = "{Low wind effect on VLT/SPHERE: impact, mitigation strategy, and results}",
     keywords = {Astrophysics - Instrumentation and Methods for Astrophysics},
    booktitle = {Adaptive Optics Systems VI},
         year = 2018,
       editor = {{Close}, Laird M. and {Schreiber}, Laura and {Schmidt}, Dirk},
       series = {Society of Photo-Optical Instrumentation Engineers (SPIE) Conference Series},
       volume = {10703},
        month = jul,
          eid = {107032A},
        pages = {107032A},
          doi = {10.1117/12.2311499},
archivePrefix = {arXiv},
       eprint = {1806.05370},
 primaryClass = {astro-ph.IM},
       adsurl = {https://ui.adsabs.harvard.edu/abs/2018SPIE10703E..2AM},
      adsnote = {Provided by the SAO/NASA Astrophysics Data System}
}


@Article{Trauger07,
author = "J.~T. {Trauger} and W.~A. {Traub}",
title = "{A laboratory demonstration of the capability to image an Earth-like extrasolar planet.}",
journal = "Nature",
year = 2007,
volume = "446",
pages = "771--773",
month = "Apr.",
keywords = "HCIT, JPL"
}

@INPROCEEDINGS{Giveon10,
   author = {{Give'On}, A. and {Kern}, B.~D. and {Shaklan}, S.},
    title = "{Pair-wise, deformable mirror, image plane-based diversity
electric field estimation for high contrast coronagraphy}",
booktitle = {Society of Photo-Optical Instrumentation Engineers (SPIE)
Conference Series},
     year = 2011,
   series = {Society of Photo-Optical Instrumentation Engineers (SPIE)
Conference Series},
   volume = 8151,
    month = sep,
      doi = {10.1117/12.895117},
   adsurl = {http://adsabs.harvard.edu/abs/2011SPIE.8151E..32G},
  adsnote = {Provided by the SAO/NASA Astrophysics Data System}
}

@INPROCEEDINGS{Giveon09,
   author = {{Give'On}, A.},
    title = "{A unified formailism for high contrast imaging correction
algorithms}",
booktitle = {Society of Photo-Optical Instrumentation Engineers (SPIE)
Conference Series},
     year = 2009,
   series = {Society of Photo-Optical Instrumentation Engineers (SPIE)
Conference Series},
   volume = 7440,
    month = aug,
      doi = {10.1117/12.825049},
   adsurl = {http://adsabs.harvard.edu/abs/2009SPIE.7440E..11G},
  adsnote = {Provided by the SAO/NASA Astrophysics Data System}
}

@ARTICLE{Angel86,
       author = {{Angel}, J.~R.~P. and {Cheng}, A.~Y.~S. and {Woolf}, N.~J.},
        title = "{A space telescope for infrared spectroscopy of Earth-like planets}",
      journal = {\nat},
     keywords = {Astronomical Spectroscopy, Extrasolar Planets, Infrared Astronomy, Spaceborne Telescopes, Apertures, Diffraction Patterns, Light (Visible Radiation), Planetology, Radial Distribution, Astronomy},
         year = 1986,
        month = jul,
       volume = {322},
       number = {6077},
        pages = {341-343},
          doi = {10.1038/322341a0},
       adsurl = {https://ui.adsabs.harvard.edu/abs/1986Natur.322..341A},
      adsnote = {Provided by the SAO/NASA Astrophysics Data System}
}

@INPROCEEDINGS{Serabyn06,
       author = {{Serabyn}, E. and {Mennesson}, B.},
        title = "{Accessing Small Inner Working Angles with a Rotating Sub-aperture Nuller}",
    booktitle = {IAU Colloq. 200: Direct Imaging of Exoplanets: Science \& Techniques},
         year = 2006,
       editor = {{Aime}, C. and {Vakili}, F.},
        month = jan,
        pages = {379-384},
          doi = {10.1017/S1743921306009628},
       adsurl = {https://ui.adsabs.harvard.edu/abs/2006dies.conf..379S},
      adsnote = {Provided by the SAO/NASA Astrophysics Data System}
}

@ARTICLE{Mawet17,
       author = {{Mawet}, D. and {Ruane}, G. and {Xuan}, W. and {Echeverri}, D. and {Klimovich}, N. and {Randolph}, M. and {Fucik}, J. and {Wallace}, J.~K. and {Wang}, J. and {Vasisht}, G. and et al.},
        title = "{Observing Exoplanets with High-dispersion Coronagraphy. II. Demonstration of an Active Single-mode Fiber Injection Unit}",
      journal = {\apj},
     keywords = {brown dwarfs, instrumentation: adaptive optics, instrumentation: spectrographs, techniques: high angular resolution, techniques: spectroscopic, Astrophysics - Earth and Planetary Astrophysics, Astrophysics - Instrumentation and Methods for Astrophysics},
         year = 2017,
        month = apr,
       volume = {838},
       number = {2},
          eid = {92},
        pages = {92},
          doi = {10.3847/1538-4357/aa647f},
archivePrefix = {arXiv},
       eprint = {1703.00583},
 primaryClass = {astro-ph.EP},
       adsurl = {https://ui.adsabs.harvard.edu/abs/2017ApJ...838...92M},
      adsnote = {Provided by the SAO/NASA Astrophysics Data System}
}


@ARTICLE{Haffert20,
       author = {{Haffert}, S.~Y. and {Por}, E.~H. and {Keller}, C.~U. and {Kenworthy}, M.~A. and {Doelman}, D.~S. and {Snik}, F. and {Escuti}, M.~J.},
        title = "{The Single-mode Complex Amplitude Refinement (SCAR) coronagraph. II. Lab verification, and toward the characterization of Proxima b}",
      journal = {\aap},
     keywords = {instrumentation: high angular resolution, instrumentation: spectrographs, techniques: high angular resolution, techniques: imaging spectroscopy},
         year = 2020,
        month = mar,
       volume = {635},
          eid = {A56},
        pages = {A56},
          doi = {10.1051/0004-6361/201731615},
       adsurl = {https://ui.adsabs.harvard.edu/abs/2020A&A...635A..56H},
      adsnote = {Provided by the SAO/NASA Astrophysics Data System}
}

@INPROCEEDINGS{Soummer22,
       author = {{Soummer}, R{\'e}mi and {Por}, Emiel H. and {Pourcelot}, Rapha{\"e}l. and {Redmond}, Susan and {Laginja}, Iva and {Will}, Scott D. and {Perrin}, Marshall D. and {Pueyo}, Laurent and {Sahoo}, Ananya and {Petrone}, Peter and et al.},
        title = "{High-contrast imager for complex aperture telescopes (HiCAT): 8. Dark zone demonstration with simultaneous closed-loop low-order wavefront sensing and control}",
    booktitle = {Space Telescopes and Instrumentation 2022: Optical, Infrared, and Millimeter Wave},
         year = 2022,
       editor = {{Coyle}, Laura E. and {Matsuura}, Shuji and {Perrin}, Marshall D.},
       series = {Society of Photo-Optical Instrumentation Engineers (SPIE) Conference Series},
       volume = {12180},
        month = aug,
          eid = {1218026},
        pages = {1218026},
          doi = {10.1117/12.2630444},
       adsurl = {https://ui.adsabs.harvard.edu/abs/2022SPIE12180E..26S},
      adsnote = {Provided by the SAO/NASA Astrophysics Data System}
}



@ARTICLE{Pourcelot23,
       author = {{Pourcelot}, R. and {Por}, E.~H. and {N'Diaye}, M. and {Benard}, H. and {Brady}, G. and {Canas}, L. and {Carbillet}, M. and {Dohlen}, K. and {Laginja}, I. and {Lugten}, J. and et al.},
        title = "{Low-order wavefront control using a Zernike sensor through Lyot coronagraphs for exoplanet imaging. II. Concurrent operation with stroke minimization}",
      journal = {\aap},
     keywords = {instrumentation: high angular resolution, methods: data analysis, telescopes, Astrophysics - Instrumentation and Methods for Astrophysics},
         year = 2023,
        month = apr,
       volume = {672},
          eid = {A73},
        pages = {A73},
          doi = {10.1051/0004-6361/202244857},
archivePrefix = {arXiv},
       eprint = {2301.03242},
 primaryClass = {astro-ph.IM},
       adsurl = {https://ui.adsabs.harvard.edu/abs/2023A&A...672A..73P},
      adsnote = {Provided by the SAO/NASA Astrophysics Data System}
}

@ARTICLE{Leboulleux22,
       author = {{Leboulleux}, Lucie and {Carlotti}, Alexis and {N'Diaye}, Mamadou},
        title = "{Redundant apodization for direct imaging of exoplanets. I. Robustness to primary mirror segmentation-induced errors outside the segment diffraction limit}",
      journal = {\aap},
     keywords = {instrumentation: high angular resolution, techniques: high angular resolution, planets and satellites: detection, telescopes, Astrophysics - Instrumentation and Methods for Astrophysics},
         year = 2022,
        month = mar,
       volume = {659},
          eid = {A143},
        pages = {A143},
          doi = {10.1051/0004-6361/202142410},
archivePrefix = {arXiv},
       eprint = {2202.11993},
 primaryClass = {astro-ph.IM},
       adsurl = {https://ui.adsabs.harvard.edu/abs/2022A&A...659A.143L},
      adsnote = {Provided by the SAO/NASA Astrophysics Data System}
}




@ARTICLE{Mennesson24,
       author = {{Mennesson}, Bertrand and {Belikov}, Ruslan and {Por}, Emiel and {Serabyn}, Eugene and {Ruane}, Garreth and {Eldorado Riggs}, A.~J. and {Sirbu}, Dan and {Pueyo}, Laurent and {Soummer}, Remi and {Kasdin}, Jeremy and et al.},
        title = "{Current laboratory performance of starlight suppression systems, and potential pathways to desired Habitable Worlds Observatory exoplanet science capabilities}",
      journal = {arXiv e-prints},
     keywords = {Astrophysics - Instrumentation and Methods for Astrophysics},
         year = 2024,
        month = apr,
          eid = {arXiv:2404.18036},
        pages = {arXiv:2404.18036},
          doi = {10.48550/arXiv.2404.18036},
archivePrefix = {arXiv},
       eprint = {2404.18036},
 primaryClass = {astro-ph.IM},
       adsurl = {https://ui.adsabs.harvard.edu/abs/2024arXiv240418036M},
      adsnote = {Provided by the SAO/NASA Astrophysics Data System}
}




@ARTICLE{Laginja22,
       author = {{Laginja}, Iva and {Sauvage}, Jean-Fran{\c{c}}ois and {Mugnier}, Laurent M. and {Pueyo}, Laurent and {Perrin}, Marshall D. and {Noss}, James and {Will}, Scott D. and {Brooks}, Keira J. and {Por}, Emiel H. and {Petrone}, Peter and et al.},
        title = "{Wavefront tolerances of space-based segmented telescopes at very high contrast: Experimental validation}",
      journal = {\aap},
     keywords = {instrumentation: high angular resolution, methods: statistical, techniques: high angular resolution, telescopes, planets and satellites: detection, Astrophysics - Instrumentation and Methods for Astrophysics},
         year = 2022,
        month = feb,
       volume = {658},
          eid = {A84},
        pages = {A84},
          doi = {10.1051/0004-6361/202142150},
archivePrefix = {arXiv},
       eprint = {2110.14685},
 primaryClass = {astro-ph.IM},
       adsurl = {https://ui.adsabs.harvard.edu/abs/2022A&A...658A..84L},
      adsnote = {Provided by the SAO/NASA Astrophysics Data System}
}



@INPROCEEDINGS{Stahl20,
       author = {{Stahl}, H. Philip and {Allison}, Michael},
        title = "{Parametric cost model for ground and space telescopes}",
    booktitle = {Modeling, Systems Engineering, and Project Management for Astronomy IX},
         year = 2020,
       editor = {{Angeli}, George Z. and {Dierickx}, Philippe},
       series = {Society of Photo-Optical Instrumentation Engineers (SPIE) Conference Series},
       volume = {11450},
        month = dec,
          eid = {114500Z},
        pages = {114500Z},
          doi = {10.1117/12.2562884},
       adsurl = {https://ui.adsabs.harvard.edu/abs/2020SPIE11450E..0ZS},
      adsnote = {Provided by the SAO/NASA Astrophysics Data System}
}



@ARTICLE{Galicher24,
       author = {{Galicher}, R. and {Potier}, A. and {Mazoyer}, J. and {Wahhaj}, Z. and {Baudoz}, P. and {Chauvin}, G.},
        title = "{Increasing the raw contrast of VLT/SPHERE with the dark hole technique. III. Broadband reference differential imaging of HR4796 using a four-quadrant phase mask}",
      journal = {\aap},
     keywords = {instrumentation: adaptive optics, instrumentation: high angular resolution, techniques: high angular resolution, circumstellar matter, Astrophysics - Instrumentation and Methods for Astrophysics, Astrophysics - Earth and Planetary Astrophysics},
         year = 2024,
        month = jun,
       volume = {686},
          eid = {A54},
        pages = {A54},
          doi = {10.1051/0004-6361/202449196},
archivePrefix = {arXiv},
       eprint = {2403.18939},
 primaryClass = {astro-ph.IM},
       adsurl = {https://ui.adsabs.harvard.edu/abs/2024A&A...686A..54G},
      adsnote = {Provided by the SAO/NASA Astrophysics Data System}
}



@ARTICLE{Potier20,
       author = {{Potier}, A. and {Galicher}, R. and {Baudoz}, P. and {Huby}, E. and {Milli}, J. and {Wahhaj}, Z. and {Boccaletti}, A. and {Vigan}, A. and {N'Diaye}, M. and {Sauvage}, J. -F.},
        title = "{Increasing the raw contrast of VLT/SPHERE with the dark hole technique. I. Simulations and validation on the internal source}",
      journal = {\aap},
     keywords = {instrumentation: adaptive optics, instrumentation: high angular resolution, techniques: high angular resolution, Astrophysics - Instrumentation and Methods for Astrophysics},
         year = 2020,
        month = jun,
       volume = {638},
          eid = {A117},
        pages = {A117},
          doi = {10.1051/0004-6361/202038010},
archivePrefix = {arXiv},
       eprint = {2005.02179},
 primaryClass = {astro-ph.IM},
       adsurl = {https://ui.adsabs.harvard.edu/abs/2020A&A...638A.117P},
      adsnote = {Provided by the SAO/NASA Astrophysics Data System}
}

@ARTICLE{Potier22,
       author = {{Potier}, A. and {Mazoyer}, J. and {Wahhaj}, Z. and {Baudoz}, P. and {Chauvin}, G. and {Galicher}, R. and {Ruane}, G.},
        title = "{Increasing the raw contrast of VLT/SPHERE with the dark hole technique. II. On-sky wavefront correction and coherent differential imaging}",
      journal = {\aap},
     keywords = {instrumentation: adaptive optics, instrumentation: high angular resolution, techniques: high angular resolution, Astrophysics - Instrumentation and Methods for Astrophysics, Astrophysics - Earth and Planetary Astrophysics},
         year = 2022,
        month = sep,
       volume = {665},
          eid = {A136},
        pages = {A136},
          doi = {10.1051/0004-6361/202244185},
archivePrefix = {arXiv},
       eprint = {2208.11244},
 primaryClass = {astro-ph.IM},
       adsurl = {https://ui.adsabs.harvard.edu/abs/2022A&A...665A.136P},
      adsnote = {Provided by the SAO/NASA Astrophysics Data System}
}





@ARTICLE{Males18,
       author = {{Males}, Jared R. and {Guyon}, Olivier},
        title = "{Ground-based adaptive optics coronagraphic performance under closed-loop predictive control}",
      journal = {Journal of Astronomical Telescopes, Instruments, and Systems},
     keywords = {Astrophysics - Instrumentation and Methods for Astrophysics, Astrophysics - Earth and Planetary Astrophysics},
         year = 2018,
        month = jan,
       volume = {4},
          eid = {019001},
        pages = {019001},
          doi = {10.1117/1.JATIS.4.1.019001},
archivePrefix = {arXiv},
       eprint = {1712.07189},
 primaryClass = {astro-ph.IM},
       adsurl = {https://ui.adsabs.harvard.edu/abs/2018JATIS...4a9001M},
      adsnote = {Provided by the SAO/NASA Astrophysics Data System}
}



@ARTICLE{Males21,
       author = {{Males}, Jared R. and {Fitzgerald}, Michael P. and {Belikov}, Ruslan and {Guyon}, Olivier},
        title = "{The Mysterious Lives of Speckles. I. Residual Atmospheric Speckle Lifetimes in Ground-based Coronagraphs}",
      journal = {\pasp},
     keywords = {Coronagraphic imaging, Exoplanet detection methods, Astrophysics - Instrumentation and Methods for Astrophysics, Astrophysics - Earth and Planetary Astrophysics},
         year = 2021,
        month = oct,
       volume = {133},
       number = {1028},
          eid = {104504},
        pages = {104504},
          doi = {10.1088/1538-3873/ac0f0c},
archivePrefix = {arXiv},
       eprint = {2107.04604},
 primaryClass = {astro-ph.IM},
       adsurl = {https://ui.adsabs.harvard.edu/abs/2021PASP..133j4504M},
      adsnote = {Provided by the SAO/NASA Astrophysics Data System}
}



@ARTICLE{Smith84,
   author = {{Smith}, B.~A. and {Terrile}, R.~J.},
    title = "{A circumstellar disk around Beta Pictoris}",
  journal = {Science},
 keywords = {DWARF STARS, MAIN SEQUENCE STARS, PLANETARY EVOLUTION, STELLAR ENVELOPES, BRIGHTNESS, DISKS, INFRARED ASTRONOMY SATELLITE, SCATTERING CROSS SECTIONS, VISIBLE SPECTRUM},
     year = 1984,
    month = dec,
   volume = 226,
    pages = {1421-1424},
      doi = {10.1126/science.226.4681.1421},
   adsurl = {http://adsabs.harvard.edu/abs/1984Sci...226.1421S},
  adsnote = {Provided by the SAO/NASA Astrophysics Data System}
}
@ARTICLE{2016AsBio..16..465S,
       author = {{Seager}, S. and {Bains}, W. and {Petkowski}, J.~J.},
        title = "{Toward a List of Molecules as Potential Biosignature Gases for the Search for Life on Exoplanets and Applications to Terrestrial Biochemistry}",
      journal = {Astrobiology},
     keywords = {Astrobiology, Atmospheric gases, Biosignatures, Exoplanets., Research Articles, Earth Science},
         year = 2016,
        month = jun,
       volume = {16},
       number = {6},
        pages = {465-485},
          doi = {10.1089/ast.2015.1404},
       adsurl = {https://ui.adsabs.harvard.edu/abs/2016AsBio..16..465S},
      adsnote = {Provided by the SAO/NASA Astrophysics Data System}
}

@ARTICLE{2017ARAA..55..433K,
       author = {{Kaltenegger}, Lisa},
        title = "{How to Characterize Habitable Worlds and Signs of Life}",
      journal = {\araa},
     keywords = {Astrophysics - Earth and Planetary Astrophysics, Astrophysics - Instrumentation and Methods for Astrophysics, Astrophysics - Solar and Stellar Astrophysics},
         year = 2017,
        month = aug,
       volume = {55},
       number = {1},
        pages = {433-485},
          doi = {10.1146/annurev-astro-082214-122238},
archivePrefix = {arXiv},
       eprint = {1911.05597},
 primaryClass = {astro-ph.EP},
       adsurl = {https://ui.adsabs.harvard.edu/abs/2017ARA&A..55..433K},
      adsnote = {Provided by the SAO/NASA Astrophysics Data System}
}



@ARTICLE{2018AsBio..18..663S,
       author = {{Schwieterman}, Edward W. and {Kiang}, Nancy Y. and {Parenteau}, Mary N. and {Harman}, Chester E. and {DasSarma}, Shiladitya and {Fisher}, Theresa M. and {Arney}, Giada N. and {Hartnett}, Hilairy E. and {Reinhard}, Christopher T. and {Olson}, Stephanie L. and et al.},
        title = "{Exoplanet Biosignatures: A Review of Remotely Detectable Signs of Life}",
      journal = {Astrobiology},
     keywords = {Review Articles, Earth Science, Astrophysics - Earth and Planetary Astrophysics},
         year = 2018,
        month = jun,
       volume = {18},
       number = {6},
        pages = {663-708},
          doi = {10.1089/ast.2017.1729},
archivePrefix = {arXiv},
       eprint = {1705.05791},
 primaryClass = {astro-ph.EP},
       adsurl = {https://ui.adsabs.harvard.edu/abs/2018AsBio..18..663S},
      adsnote = {Provided by the SAO/NASA Astrophysics Data System}
}



@ARTICLE{2023arXiv231203639K,
       author = {{Kirkpatrick}, J. Davy and {Marocco}, Federico and {Gelino}, Christopher R. and {Raghu}, Yadukrishna and {Faherty}, Jacqueline K. and {Bardalez Gagliuffi}, Daniella C. and {Schurr}, Steven D. and {Apps}, Kevin and {Schneider}, Adam C. and {Meisner}, Aaron M. and {Kuchner}, Marc J. and {Caselden}, Dan and {Smart}, R.~L. and {Casewell}, S.~L. and {Raddi}, Roberto and {Kesseli}, Aurora and {Stevnbak Andersen}, Nikolaj and {Antonini}, Edoardo and {Beaulieu}, Paul and {Bickle}, Thomas P. and {Bilsing}, Martin and {Chieng}, Raymond and {Colin}, Guillaume and {Deen}, Sam and {Dereveanco}, Alexandru and {Doll}, Katharina and {Durantini Luca}, Hugo A. and {Frazer}, Anya and {Gantier}, Jean Marc and {Gramaize}, L{\'e}opold and {Grant}, Kristin and {Hamlet}, Leslie K. and {Higashimura}, Hiro and {Hyogo}, Michiharu and {Ja{\l}owiczor}, Peter A. and {Jonkeren}, Alexander and {Kabatnik}, Martin and {Kiwy}, Frank and {Martin}, David W. and {Michaels}, Marianne N. and {Pendrill}, William and {Pessanha Machado}, Celso and {Pumphrey}, Benjamin and {Rothermich}, Austin and {Russwurm}, Rebekah and {Sainio}, Arttu and {Sanchez}, John and {Sapelkin-Tambling}, Fyodor Theo and {Sch{\"u}mann}, J{\"o}rg and {Selg-Mann}, Karl and {Singh}, Harshdeep and {Stenner}, Andres and {Sun}, Guoyou and {Tanner}, Christopher and {Th{\'e}venot}, Melina and {Ventura}, Maurizio and {Voloshin}, Nikita V. and {Walla}, Jim and {Wedracki}, Zbigniew and {Adorno}, Jose I. and {Aganze}, Christian and {Allers}, Katelyn N. and {Brooks}, Hunter and {Burgasser}, Adam J. and {Calamari}, Emily and {Connor}, Thomas and {Costa}, Edgardo and {Eisenhardt}, Peter R. and {Gagn{\'e}}, Jonathan and {Gerasimov}, Roman and {Gonzales}, Eileen C. and {Hsu}, Chih-Chun and {Kiman}, Rocio and {Li}, Guodong and {Low}, Ryan and {Mamajek}, Eric and {Pantoja}, Blake M. and {Popinchalk}, Mark and {Rees}, Jon M. and {Stern}, Daniel and {Su{\'a}rez}, Genaro and {Theissen}, Christopher and {Tsai}, Chao-Wei and {Vos}, Johanna M. and {Zurek}, David and {Backyard Worlds}, The and {:} and {Planet 9 Collaboration}},
        title = "{The Initial Mass Function Based on the Full-sky 20-pc Census of $\sim$3,600 Stars and Brown Dwarfs}",
      journal = {arXiv e-prints},
     keywords = {Astrophysics - Solar and Stellar Astrophysics, Astrophysics - Earth and Planetary Astrophysics, Astrophysics - Astrophysics of Galaxies},
         year = 2023,
        month = dec,
          eid = {arXiv:2312.03639},
        pages = {arXiv:2312.03639},
          doi = {10.48550/arXiv.2312.03639},
archivePrefix = {arXiv},
       eprint = {2312.03639},
 primaryClass = {astro-ph.SR},
       adsurl = {https://ui.adsabs.harvard.edu/abs/2023arXiv231203639K},
      adsnote = {Provided by the SAO/NASA Astrophysics Data System}
}


@ARTICLE{Vilas87,
       author = {{Vilas}, Faith and {Smith}, Bradford A.},
        title = "{Coronograph for astronomical imaging and spectrophotometry.}",
      journal = {Applied Optics},
     keywords = {Astronomical Photography, Coronagraphs, Optical Paths, Spectrophotometry, Telescopes, Cassegrain Optics, Image Resolution, Mirrors, Scattering Amplitude, Astronomy, Coronographs},
         year = 1987,
        month = feb,
       volume = {26},
        pages = {664-668},
          doi = {10.1364/AO.26.000664},
       adsurl = {https://ui.adsabs.harvard.edu/abs/1987ApOpt..26..664V},
      adsnote = {Provided by the SAO/NASA Astrophysics Data System}
}


@Article{	  matplotlib,
  author	= {{Hunter}, John D.},
  title		= "{Matplotlib: A 2D Graphics Environment}",
  journal	= {Computing in Science and Engineering},
  keywords	= {Python, Scripting languages, Application development,
		  Scientific programming},
  year		= 2007,
  month		= may,
  volume	= {9},
  pages		= {90-95},
  doi		= {10.1109/MCSE.2007.55},
  adsurl	= {https://ui.adsabs.harvard.edu/\#abs/2007CSE.....9...90H},
  adsnote	= {Provided by the SAO/NASA Astrophysics Data System}
}

@Article{	  astropy_1,
  author	= {{Astropy Collaboration} and {Robitaille}, T.~P. and
		  {Tollerud}, E.~J. and {Greenfield}, P. and {Droettboom}, M.
		  and {Bray}, E. and {Aldcroft}, T. and {Davis}, M. and
		  {Ginsburg}, A. and {Price-Whelan}, A.~M. and {Kerzendorf},
		  W.~E. and {Conley}, A. and {Crighton}, N. and {Barbary}, K.
		  and {Muna}, D. and {Ferguson}, H. and {Grollier}, F. and
		  {Parikh}, M.~M. and {Nair}, P.~H. and {Unther}, H.~M. and
		  {Deil}, C. and {Woillez}, J. and {Conseil}, S. and
		  {Kramer}, R. and {Turner}, J.~E.~H. and {Singer}, L. and
		  {Fox}, R. and {Weaver}, B.~A. and {Zabalza}, V. and
		  {Edwards}, Z.~I. and {Azalee Bostroem}, K. and {Burke},
		  D.~J. and {Casey}, A.~R. and {Crawford}, S.~M. and
		  {Dencheva}, N. and {Ely}, J. and {Jenness}, T. and
		  {Labrie}, K. and {Lim}, P.~L. and {Pierfederici}, F. and
		  {Pontzen}, A. and {Ptak}, A. and {Refsdal}, B. and
		  {Servillat}, M. and {Streicher}, O.},
  title		= "{Astropy: A community Python package for astronomy}",
  journal	= {\aap},
  archiveprefix	= "arXiv",
  eprint	= {1307.6212},
  primaryclass	= "astro-ph.IM",
  keywords	= {methods: data analysis, methods: miscellaneous, virtual
		  observatory tools},
  year		= 2013,
  month		= oct,
  volume	= 558,
  eid		= {A33},
  pages		= {A33},
  doi		= {10.1051/0004-6361/201322068},
  adsurl	= {http://adsabs.harvard.edu/abs/2013A%26A...558A..33A},
  adsnote	= {Provided by the SAO/NASA Astrophysics Data System}
}

@ARTICLE{virtanen2020,
       author = {{Virtanen}, Pauli and {Gommers}, Ralf and {Oliphant}, Travis E. and
         {Haberland}, Matt and {Reddy}, Tyler and {Cournapeau}, David and
         {Burovski}, Evgeni and {Peterson}, Pearu and {Weckesser}, Warren and
         {Bright}, Jonathan and {van der Walt}, St{\'e}fan J. and
         {Brett}, Matthew and {Wilson}, Joshua and {Millman}, K. Jarrod and
         {Mayorov}, Nikolay and {Nelson}, Andrew R.~J. and {Jones}, Eric and
         {Kern}, Robert and {Larson}, Eric and {Carey}, C.~J. and
         {Polat}, {\.I}lhan and {Feng}, Yu and {Moore}, Eric W. and {Vand
        erPlas}, Jake and {Laxalde}, Denis and {Perktold}, Josef and
         {Cimrman}, Robert and {Henriksen}, Ian and {Quintero}, E.~A. and
         {Harris}, Charles R. and {Archibald}, Anne M. and
         {Ribeiro}, Ant{\^o}nio H. and {Pedregosa}, Fabian and
         {van Mulbregt}, Paul and {SciPy 1. 0 Contributors}},
        title = "{SciPy 1.0: fundamental algorithms for scientific computing in Python}",
      journal = {Nature Methods},
     keywords = {Computer Science - Mathematical Software, Computer Science - Data Structures and Algorithms, Computer Science - Software Engineering, Physics - Computational Physics},
         year = 2020,
        month = feb,
       volume = {17},
        pages = {261-272},
          doi = {10.1038/s41592-019-0686-2},
archivePrefix = {arXiv},
       eprint = {1907.10121},
 primaryClass = {cs.MS},
       adsurl = {https://ui.adsabs.harvard.edu/abs/2020NatMe..17..261V},
      adsnote = {Provided by the SAO/NASA Astrophysics Data System}
}


@ARTICLE{foreman-mackey2013,
       author = {{Foreman-Mackey}, Daniel and {Hogg}, David W. and {Lang}, Dustin and
         {Goodman}, Jonathan},
        title = "{emcee: The MCMC Hammer}",
      journal = {\pasp},
     keywords = {Astrophysics - Instrumentation and Methods for Astrophysics, Physics - Computational Physics, Statistics - Computation},
         year = 2013,
        month = mar,
       volume = {125},
       number = {925},
        pages = {306},
          doi = {10.1086/670067},
archivePrefix = {arXiv},
       eprint = {1202.3665},
 primaryClass = {astro-ph.IM},
       adsurl = {https://ui.adsabs.harvard.edu/abs/2013PASP..125..306F},
      adsnote = {Provided by the SAO/NASA Astrophysics Data System}
}

@Article{	  astropy_2,
  author	= {{Astropy Collaboration} and {Price-Whelan}, A.~M. and
		  {Sip{\H o}cz}, B.~M. and {G{\"u}nther}, H.~M. and {Lim},
		  P.~L. and {Crawford}, S.~M. and {Conseil}, S. and {Shupe},
		  D.~L. and {Craig}, M.~W. and {Dencheva}, N. and {Ginsburg},
		  A. and {VanderPlas}, J.~T. and {Bradley}, L.~D. and
		  {P{\'e}rez-Su{\'a}rez}, D. and {de Val-Borro}, M. and
		  {Aldcroft}, T.~L. and {Cruz}, K.~L. and {Robitaille}, T.~P.
		  and {Tollerud}, E.~J. and {Ardelean}, C. and {Babej}, T.
		  and {Bach}, Y.~P. and {Bachetti}, M. and {Bakanov}, A.~V.
		  and {Bamford}, S.~P. and {Barentsen}, G. and {Barmby}, P.
		  and {Baumbach}, A. and {Berry}, K.~L. and {Biscani}, F. and
		  {Boquien}, M. and {Bostroem}, K.~A. and {Bouma}, L.~G. and
		  {Brammer}, G.~B. and {Bray}, E.~M. and {Breytenbach}, H.
		  and {Buddelmeijer}, H. and {Burke}, D.~J. and {Calderone},
		  G. and {Cano Rodr{\'{\i}}guez}, J.~L. and {Cara}, M. and
		  {Cardoso}, J.~V.~M. and {Cheedella}, S. and {Copin}, Y. and
		  {Corrales}, L. and {Crichton}, D. and {D'Avella}, D. and
		  {Deil}, C. and {Depagne}, {\'E}. and {Dietrich}, J.~P. and
		  {Donath}, A. and {Droettboom}, M. and {Earl}, N. and
		  {Erben}, T. and {Fabbro}, S. and {Ferreira}, L.~A. and
		  {Finethy}, T. and {Fox}, R.~T. and {Garrison}, L.~H. and
		  {Gibbons}, S.~L.~J. and {Goldstein}, D.~A. and {Gommers},
		  R. and {Greco}, J.~P. and {Greenfield}, P. and {Groener},
		  A.~M. and {Grollier}, F. and {Hagen}, A. and {Hirst}, P.
		  and {Homeier}, D. and {Horton}, A.~J. and {Hosseinzadeh},
		  G. and {Hu}, L. and {Hunkeler}, J.~S. and {Ivezi{\'c}}, {\v
		  Z}. and {Jain}, A. and {Jenness}, T. and {Kanarek}, G. and
		  {Kendrew}, S. and {Kern}, N.~S. and {Kerzendorf}, W.~E. and
		  {Khvalko}, A. and {King}, J. and {Kirkby}, D. and
		  {Kulkarni}, A.~M. and {Kumar}, A. and {Lee}, A. and {Lenz},
		  D. and {Littlefair}, S.~P. and {Ma}, Z. and {Macleod},
		  D.~M. and {Mastropietro}, M. and {McCully}, C. and
		  {Montagnac}, S. and {Morris}, B.~M. and {Mueller}, M. and
		  {Mumford}, S.~J. and {Muna}, D. and {Murphy}, N.~A. and
		  {Nelson}, S. and {Nguyen}, G.~H. and {Ninan}, J.~P. and
		  {N{\"o}the}, M. and {Ogaz}, S. and {Oh}, S. and {Parejko},
		  J.~K. and {Parley}, N. and {Pascual}, S. and {Patil}, R.
		  and {Patil}, A.~A. and {Plunkett}, A.~L. and {Prochaska},
		  J.~X. and {Rastogi}, T. and {Reddy Janga}, V. and
		  {Sabater}, J. and {Sakurikar}, P. and {Seifert}, M. and
		  {Sherbert}, L.~E. and {Sherwood-Taylor}, H. and {Shih},
		  A.~Y. and {Sick}, J. and {Silbiger}, M.~T. and
		  {Singanamalla}, S. and {Singer}, L.~P. and {Sladen}, P.~H.
		  and {Sooley}, K.~A. and {Sornarajah}, S. and {Streicher},
		  O. and {Teuben}, P. and {Thomas}, S.~W. and {Tremblay},
		  G.~R. and {Turner}, J.~E.~H. and {Terr{\'o}n}, V. and {van
		  Kerkwijk}, M.~H. and {de la Vega}, A. and {Watkins}, L.~L.
		  and {Weaver}, B.~A. and {Whitmore}, J.~B. and {Woillez}, J.
		  and {Zabalza}, V. and {Astropy Contributors}},
  title		= "{The Astropy Project: Building an Open-science Project and
		  Status of the v2.0 Core Package}",
  journal	= {\aj},
  archiveprefix	= "arXiv",
  eprint	= {1801.02634},
  primaryclass	= "astro-ph.IM",
  keywords	= {methods: data analysis, methods: miscellaneous, methods:
		  statistical, reference systems },
  year		= 2018,
  month		= sep,
  volume	= 156,
  eid		= {123},
  pages		= {123},
  doi		= {10.3847/1538-3881/aabc4f},
  adsurl	= {http://adsabs.harvard.edu/abs/2018AJ....156..123A},
  adsnote	= {Provided by the SAO/NASA Astrophysics Data System}
}


@Article{	  wenger2000,
  author	= {{Wenger}, M. and {Ochsenbein}, F. and {Egret}, D. and
		  {Dubois}, P. and {Bonnarel}, F. and {Borde}, S. and
		  {Genova}, F. and {Jasniewicz}, G. and {Lalo{\"e}}, S. and
		  {Lesteven}, S. and {Monier}, R.},
  title		= "{The SIMBAD astronomical database. The CDS reference
		  database for astronomical objects}",
  journal	= {\aaps},
  eprint	= {astro-ph/0002110},
  keywords	= {ASTRONOMICAL DATA BASES: MISCELLANEOUS, CATALOGS},
  year		= 2000,
  month		= apr,
  volume	= 143,
  pages		= {9-22},
  doi		= {10.1051/aas:2000332},
  adsurl	= {http://adsabs.harvard.edu/abs/2000A%26AS..143....9W},
  adsnote	= {Provided by the SAO/NASA Astrophysics Data System}
}



@ARTICLE{Luger2021,
       author = { {Luger}, Rodrigo and {Bedell}, Megan and {Foreman-Mackey}, Daniel and {Crossfield}, Ian J.~M. and {Zhao}, Lily L. and {Hogg}, David W.},
        title = "{Mapping stellar surfaces III: An Efficient, Scalable, and Open-Source Doppler Imaging Model}",
      journal = {arXiv e-prints},
     keywords = {Astrophysics - Solar and Stellar Astrophysics, Astrophysics - Earth and Planetary Astrophysics, Astrophysics - Instrumentation and Methods for Astrophysics},
         year = 2021,
        month = oct,
          eid = {arXiv:2110.06271},
        pages = {arXiv:2110.06271},
archivePrefix = {arXiv},
       eprint = {2110.06271},
 primaryClass = {astro-ph.SR},
       adsurl = {https://ui.adsabs.harvard.edu/abs/2021arXiv211006271L},
      adsnote = {Provided by the SAO/NASA Astrophysics Data System}
}

@article{roddier1997stellar,
  title={Stellar coronograph with phase mask},
  author={Roddier, Fran{\c{c}}ois and Roddier, Claude},
  journal={Publications of the Astronomical Society of the Pacific},
  volume={109},
  number={737},
  pages={815},
  year={1997},
  publisher={IOP Publishing}
}
@article{soummer2003achromatic,
  title={Achromatic dual-zone phase mask stellar coronagraph},
  author={Soummer, R and Dohlen, K and Aim{\'e}, Carole},
  journal={Astronomy \& Astrophysics},
  volume={403},
  number={1},
  pages={369--381},
  year={2003},
  publisher={EDP Sciences}
}

@article{franson2024jwst,
  title={JWST/NIRCam 4-5$$\backslash$mu $ m Imaging of the Giant Planet AF Lep b},
  author={Franson, Kyle and Balmer, William O and Bowler, Brendan P and Pueyo, Laurent and Zhou, Yifan and Rickman, Emily and Zhang, Zhoujian and Mukherjee, Sagnick and Pearce, Tim D and Gagliuffi, Daniella C Bardalez and others},
  journal={arXiv preprint arXiv:2406.09528},
  year={2024}
}
@inproceedings{ruane2018review,
  title={Review of high-contrast imaging systems for current and future ground-and space-based telescopes I: coronagraph design methods and optical performance metrics},
  author={Ruane, Garreth and Riggs, A and Mazoyer, Johan and Por, EH and N’Diaye, Mamadou and Huby, Elsa and Baudoz, Pierre and Galicher, Rapha{\"e}l and Douglas, E and Knight, Justin and others},
  booktitle={Space Telescopes and Instrumentation 2018: Optical, Infrared, and Millimeter Wave},
  volume={10698},
  pages={851--869},
  year={2018},
  organization={SPIE}
}
